1803 2887
656 174 832 213 auctore
862 171 1118 226 Anonymo.
1438 172 1524 211 399

261 285 348 309 mox
366 274 481 309 abbas
498 273 640 309 electus
657 273 806 319 scripsit
825 273 1023 319 epistolam
1047 272 1144 318 qua1
1166 272 1373 318 apostolico
1401 284 1521 317 papae

260 336 408 378 patrem
449 332 822 377 prodecessoremque
859 343 967 367 suum
1000 332 1292 372 commendaret,
1331 330 1443 365 simul
1484 333 1523 366 et

260 403 416 427 munera
434 403 505 436 que
529 390 700 426 mitteret
723 389 885 435 parauit,
904 392 1126 434 secutusque
1149 389 1228 425 eius
1253 388 1416 435 uestigia
1437 400 1522 423 eum

261 450 485 494 quibusdam
511 461 529 485 e
556 448 760 484 fratribus2
786 448 882 494 legit
912 447 971 482 illi
1002 447 1212 492 epistolam,
1245 450 1283 483 et
1311 448 1418 487 dona,
1451 458 1522 491 que

261 509 436 549 deferret,
464 507 635 553 protulit,
668 506 867 543 inueniens
900 519 986 543 eum
1012 506 1053 541 in
1080 505 1306 542 monasterio
1339 504 1522 547 Aelberti,

261 565 384 612 quod³
402 569 457 602 est
475 566 591 601 situm
608 565 649 600 in
666 566 759 607 loeo,
779 565 844 610 qui
863 565 987 601 Cornu
1004 565 1125 601 Uallis
1143 565 1369 611 appellatur.

310 637 366 670 30.
393 624 464 668 Qui
497 624 660 660 libenter
692 624 884 670 accipiens
917 623 1145 660 electionem
1179 625 1339 658 fratrum
1368 625 1406 658 et
1441 622 1521 667 ipse

261 684 358 720 hanc
377 696 442 719 sua
455 684 721 720 benedictione
736 683 914 727 firmauit,
927 695 1087 728 eumque
1101 682 1342 718 abundanter
1355 681 1395 716 in
1407 681 1522 726 pluri—

259 743 337 784 bus,
357 742 522 787 qualiter
538 743 702 789 regendo
720 743 950 779 monasterio
968 755 1140 789 praeesse
1159 743 1326 784 deberet,
1341 740 1522 777 instituit.

260 801 380 836 Huius
399 804 526 838 autem
545 802 726 847 epistolae
745 802 941 838 exordium
959 805 1016 839 est
1033 816 1040 838 :

65 953 106 980 ib.
124 952 140 989 ἓ
159 961 199 988 ¹9·
307 955 461 989 Domino
480 955 519 988 in
537 955 688 988 Domino
706 955 931 989 dominorum
948 956 1172 990 dilectissimo
1190 959 1306 999 terque
1323 954 1522 988 beatissimo

346 1026 468 1059 papae
503 1016 679 1058 Greyorio,
713 1015 990 1049 Hwoetberchtus
1001 1014 1024 1055 ⁴,
1059 1016 1208 1048 humilis
1237 1026 1364 1048 seruus
1396 1019 1518 1054 uester,

351 1074 460 1108 abbas
488 1075 641 1108 coenobii
674 1074 867 1108 beatissimi
894 1075 1133 1118 apostolorum
1160 1072 1398 1118 [principis]⁵
1424 1074 1522 1107 Petri

352 1135 393 1168 de
418 1135 589 1174 Saoeonia,
610 1138 822 1178 perpetuam
848 1135 887 1167 in
913 1134 1068 1168 Domino
1093 1134 1254 1167 salutem.

310 1216 457 1249 Gratias
494 1227 594 1257 affere
626 1227 697 1249 non
731 1227 822 1249 cesso
859 1215 1118 1258 dispensationi
1149 1215 1299 1258 superni
1331 1216 1518 1257 examinis,

63 1267 104 1312 01:-
115 1267 234 1295 Matth·
259 1285 335 1308 una
352 1287 429 1308 cum
448 1275 779 1318 sanctisfiatribus,
799 1275 861 1318 qui
881 1286 1013 1308 mecum
1031 1274 1067 1307 in
1092 1274 1148 1308 his
1167 1275 1251 1308 locis
1268 1275 1316 1308 ad
1333 1275 1522 1308 inuenien-

63 1315 106 1335 Xl'
124 1316 167 1343 29'
183 1316 225 1342 ὅθ’
258 1334 343 1367 dam
382 1334 535 1377 requiem
576 1334 766 1367 animabus
802 1334 888 1368 suis.
930 1333 1186 1366 suani-ssimum
1228 1333 1360 1367 Christi
1397 1334 1522 1376 iuyum

252 1397 398 1436 portare
423 1393 634 1432 desiderant,
662 1393 753 1435 quod
777 1396 808 1425 te
834 1393 964 1426 nostris
987 1392 1202 1436 temporibus
1226 1397 1299 1425 tam
1322 1393 1522 1435 ylorificum

57 1446 131 1480 ¹f=30
145 1448 172 1475 b.
257 1451 434 1485 electionis
457 1453 459 1491 i
481 1463 549 1485 uas
589 1452 755 1494 reyimini
788 1452 894 1484 totius
930 1452 1115 1485 aecclesiae
1145 1452 1336 1494 praeficere
1370 1452 1521 1494 diynata

257 1514 328 1551 est;
360 1511 532 1554 quatinus
559 1521 624 1553 per
646 1510 718 1551 hoc,
742 1521 808 1553 quo
837 1511 912 1553 ipse
941 1510 1121 1543 diuinitus
1149 1510 1317 1553 impleris,
1342 1510 1463 1543 lumen
1488 1513 1520 1543 et

256 1569 421 1602 ueritatis
444 1572 476 1602 et
494 1569 586 1610 fidei
609 1569 714 1602 etiam
742 1569 895 1602 minores
918 1579 1067 1612 quosque
1092 1569 1234 1611 affatim
1259 1567 1407 1602 iubare⁶
1432 1579 1519 1602 suae

251 1628 399 1671 pietatis
431 1624 662 1671 asperge-effi.
730 1627 1024 1661 Commendamus
1056 1631 1173 1660 autem
1199 1631 1255 1660 tue
1287 1631 1431 1660 sanctae
1464 1627 1519 1660 be-

254 1686 434 1729 m'ynitati,
460 1686 682 1719 dilectissime
707 1685 746 1718 in
772 1685 910 1719 Christo
929 1689 1034 1729 pater
1053 1690 1085 1719 et
1108 1686 1258 1725 domine,
1278 1683 1520 1719 ‘uenerabiles'3

250 1745 372 1788 patris
400 1745 513 1778 nostri
537 1744 756 1777 dilectissimi
784 1755 899 1784 canos,
924 1745 1097 1785 Ceolfridi
1120 1745 1292 1785 uidelicet,
1316 1744 1454 1778 abbatis
1480 1755 1521 1778 ac

255 1804 447 1837 nutritoris
482 1803 672 1846 tutorisque
710 1807 849 1836 nostrae
885 1803 1063 1846 spiritalis
1094 1804 1135 1836 in
1172 1804 1367 1836 monastica
1408 1803 1520 1846 quiete

255 1862 428 1895 libertatis
445 1866 476 1895 et
488 1862 602 1904 pacis.
666 1861 716 1894 Et
727 1861 892 1904 primum
909 1862 1048 1905 quidem
1065 1862 1202 1905 ,oratius
1219 1862 1359 1905 (tyinius
1376 1866 1519 1895 sanctae

256 1925 287 1954 et
305 1921 495 1954 indiuidue
519 1920 699 1960 Trinitati,
720 1921 811 1963 quod
835 1921 919 1963 ipse,
938 1924 970 1954 et
985 1921 1017 1954 si
1033 1931 1105 1954 non
1124 1921 1199 1954 sine
1222 1921 1379 1954 maximo
1401 1925 1520 1954 nostro

255 1980 381 2019 dolore,
400 1980 542 2023 9emitu,
561 1979 667 2017 luctu,
687 1990 728 2012 ac
744 1980 990 2022 prosecutione
1007 1980 1240 2013 laci-imarum
1265 1991 1288 2013 a
1304 1980 1404 2013 nobis
1419 1980 1518 2020 abiit,

255 2039 303 2071 ad
318 2049 403 2072 suae
421 2042 538 2071 tamen
556 2038 621 2070 diu
643 2036 861 2071 desideratae
883 2038 1010 2081 quietis
1030 2039 1166 2081 yaudia
1188 2042 1312 2071 sancta
1330 2039 1498 2081 peruenit
1510 2050 1522 2080 ;

254 2097 341 2130 dum
358 2109 409 2138 ea,
428 2108 516 2140 quae
536 2097 695 2129 iuuenem
718 2107 753 2130 se
773 2097 897 2137 adisse,
917 2097 1060 2138 uidisse,
1079 2101 1181 2140 atque
1199 2097 1364 2130 adorasse
1384 2108 1522 2141 semper

253 2156 443 2189 recordans
459 2155 650 2194 eoeultabat,
671 2155 777 2187 etiam
793 2155 890 2188 senio
907 2156 1064 2198 defessus
1081 2155 1258 2188 beatorum
1281 2156 1521 2198 apostolorum

253 2213 401 2246 deuotus
433 2213 561 2246 limina
586 2214 738 2256 repetiit,
764 2217 796 2246 et
815 2217 897 2256 post
921 2213 1041 2256 lonyos
1065 2214 1222 2257 amplius
1253 2212 1521 2257 quadrayheta⁹

253 2282 432 2305 annorum
466 2271 600 2304 labores
632 2282 802 2315 curasque
832 2272 1026 2312 continuas,
1054 2272 1180 2315 quibus
1209 2273 1432 2306 monasteriis
1464 2284 1518 2306 re-

249 2331 374 2373 yendis
385 2330 521 2363 abbatis
535 2330 610 2363 iure
622 2330 797 2373 praefuit,
812 2330 1088 2374 incomparabili
1104 2331 1252 2364 uirtutis
1269 2341 1398 2371 amore,
1417 2342 1507 2375 quas

294 2436 305 2454 ¹
329 2447 398 2476 quo
415 2437 461 2468 H.
600 2436 612 2454 ²
635 2437 837 2468 effratribus
852 2438 898 2477 H,
917 2441 983 2468 and
998 2449 1029 2469 so
1045 2442 1079 2468 at
1086 2441 1160 2475 first
1175 2439 1200 2469 δ.
1351 2436 1363 2455 ³
1377 2448 1445 2478 que
1470 2439 1518 2470 H.

286 2489 498 2520 withmerus
513 2490 530 2519 δ
548 2490 662 2527 (partly
676 2500 716 2520 on
731 2491 882 2529 erasure).
990 2491 1002 2508 ⁵
1024 2491 1139 2530 princ.
1157 2500 1214 2521 om.
1236 2489 1284 2521 H.
1301 2490 1330 2521 δ.
1345 2500 1371 2521 υ.
1391 2500 1424 2530 p.
1441 2492 1517 2529 383.

249 2541 268 2567 ⁶.
284 2541 408 2571 iuuare
424 2541 471 2572 H.
538 2539 550 2557 ⁷
573 2544 652 2572 Here
667 2542 683 2571 δ
701 2543 810 2572 inserts
825 2552 863 2572 on
879 2544 1006 2580 maryin
1023 2553 1030 2572 :
1053 2542 1090 2572 et
1106 2544 1185 2582 post
1201 2551 1327 2582 pauca.
1373 2540 1385 2558 ⁸
1408 2542 1471 2573 -lis
1489 2543 1518 2573 δ.

251 2592 262 2609 ⁹
285 2592 350 2622 lxm
367 2592 413 2623 H.

252 2484 262 2500 i

1549 628 1690 656 Ceolfrid

1547 667 1701 695 eonfirms

1547 707 1606 735 the
1620 707 1700 736 elee-

1547 746 1629 775 tion.

1547 950 1662 980 Letter
1676 953 1712 979 of

1546 991 1724 1020 Hwaetbert

1545 1033 1579 1057 to
1595 1032 1680 1067 Pope

1546 1070 1692 1107 Gregory
1707 1071 1750 1099 ΙΙ.
