1803 2887
322 144 408 184 306
678 142 889 185 Historia
919 142 1221 185 Ecclesiczstz'ca
1441 150 1527 192 [Lm.
1543 153 1582 185 V.

322 257 534 307 spiritibus
563 257 793 306 hominum,
819 257 890 307 qui
918 257 1050 296 instar
1077 257 1316 295 fauillarum
1346 271 1441 296 cum
1466 259 1583 298 fumo

322 323 642 371 ascendentium,
666 336 778 360 nunc
807 323 857 361 ad
888 322 1130 360 sublimiora
1156 322 1444 371 proicerentur,
1470 337 1581 362 nunc

324 388 508 426 retractis
526 388 686 437 ignium
706 387 924 437 uaporibus
945 387 1249 426 relaberentur‘
1272 388 1316 425 in
1337 388 1539 437 profunda
1554 390 1577 428 ².

326 453 404 491 Sed
446 455 487 490 et
529 454 634 490 fetor
676 453 996 502 inconparabilis
1034 466 1129 490 cum
1168 453 1323 490 eisdem
1361 453 1582 502 uaporibus

324 519 524 556 ebulliens
554 518 692 557 onmia
724 518 796 556 illa
828 519 1091 556 tenebrarum
1122 518 1210 555 loca
1248 518 1429 567 replebat
1441 517 1465 558 ¹.
1526 520 1581 558 Et

323 597 416 621 cum
438 584 593 622 diutius
621 583 678 621 ibi
706 583 882 632 pauidus
913 583 1188 630 consisterem,
1213 585 1358 632 utpote
1386 584 1576 633 incertus,

324 649 420 698 quid
457 662 632 698 agerem,
667 662 747 698 quo
785 651 991 687 uerterem
1025 662 1222 697 gressum,
1270 649 1343 697 qui
1380 662 1448 687 me
1485 649 1581 687 finis

321 717 505 753 maneret
523 729 531 762 3
559 714 562 763 Ι
588 714 707 752 audio
729 715 914 752 subitum
933 716 1026 762 post
1047 715 1159 763 terga
1178 715 1362 751 sonitum
1388 714 1582 753 inmanis·
1601 722 1621 751 f.
1642 725 1692 751 108
1705 723 1733 752 b.

321 780 414 817 simi
446 780 567 817 fletus
601 793 646 818 ac
677 779 910 825 miserrimi,
949 779 1075 817 simul
1107 781 1147 816 et
1180 779 1428 817 cachinnum
1460 780 1581 829 crepi-

321 848 479 883 tantem
500 845 615 894 quasi
636 845 751 895 uulgi
770 845 923 883 indocti
953 844 1083 893 captis
1112 845 1302 882 hostibus
1324 845 1576 885 insultantis.

321 911 379 949 Ut
404 913 542 948 autem
569 911 729 948 sonitus
759 911 869 948 idem
897 911 1042 948 clarior
1072 910 1257 947 redditus
1285 910 1334 947 ad
1361 923 1428 947 me
1452 923 1581 960 usque

319 977 517 1025 peruenit,
561 976 772 1014 considero
815 977 979 1014 turbam
1024 976 1300 1025 malignorum
1344 975 1576 1024 spirituum,

320 1055 422 1090 quae
453 1043 636 1091 quinque
667 1043 824 1080 animas
853 1042 1074 1080 hominum
1101 1043 1307 1078 merentes
1335 1041 1581 1080 heiulantes-

319 1120 406 1156 que,
427 1108 513 1156 ipsa
533 1109 715 1145 multum
743 1108 932 1145 exultans
958 1109 998 1145 et
1025 1107 1286 1153 cachinnans,
1312 1106 1468 1144 medias
1488 1106 1580 1145 illas
1802 1122 1803 1150 ι

317 1173 503 1211 trahebat
536 1174 580 1211 in
611 1173 827 1220 tenebras;
861 1187 883 1210 e
918 1173 1068 1222 quibus
1099 1173 1292 1210 uidelicet
1327 1172 1574 1221 hominibus,

318 1240 363 1276 ut
392 1239 600 1276 dinoscere
630 1239 758 1287 potui,
783 1238 951 1287 quidam
978 1240 1064 1276 erat
1090 1238 1289 1276 adtonsus
1318 1240 1363 1275 ut
1393 1238 1573 1285 clericus,

317 1305 483 1352 quidam
504 1304 641 1347 laicus,
669 1304 867 1353 quaedam
887 1303 1051 1342 femina,
1109 1303 1336 1340 Trahentes
1352 1305 1489 1341 autem
1509 1317 1578 1341 eos

316 1369 487 1418 maligni
508 1369 677 1418 spiritus
698 1369 997 1407 descenderunt
1017 1369 1060 1406 in
1081 1369 1265 1406 medium
1286 1368 1438 1406 baratri
1463 1369 1577 1407 illius

315 1435 524 1482 ardentis;
554 1435 792 1484 factumque
818 1436 889 1481 est,
914 1436 960 1471 ut
987 1448 1080 1472 cum
1110 1433 1273 1482 longius
1302 1434 1576 1473 subeuntibus

315 1501 382 1548 eis,
421 1501 566 1538 fletum
605 1500 826 1538 hominum
864 1502 904 1538 et
942 1499 1073 1537 risum
1112 1499 1423 1538 daemoniorum
1467 1500 1572 1538 clare

315 1566 542 1604 discernere
563 1566 788 1615 nequirem,
812 1578 961 1603 sonum
980 1566 1119 1603 tamen
1141 1566 1271 1603 adhuc
1292 1565 1574 1614 promiscuum

313 1632 357 1669 in
397 1632 565 1670 auribus
611 1632 813 1669 haberem.
892 1631 1057 1668 Interea
1096 1631 1367 1669 ascenderunt
1404 1631 1574 1680 quidam

314 1697 535 1746 spirituum
564 1697 829 1735 obscurorum
859 1697 908 1734 de
937 1696 1082 1745 abysso
1112 1696 1182 1734 illa
1209 1697 1502 1743 flammiuoma,
1531 1699 1572 1735 et

312 1763 578 1801 adcurrentes
609 1762 969 1800 circumdederunt
1007 1775 1084 1809 me,
1127 1763 1251 1811 atque
1289 1762 1418 1800 oculis
1454 1762 1570 1800 flam-

312 1829 533 1876 mantibus,
554 1830 594 1865 et
618 1829 667 1866 de
688 1841 755 1865 ore
775 1841 819 1865 ac
840 1827 1009 1865 naribus
1029 1827 1168 1876 ignem
1184 1828 1376 1876 putidum
1389 1827 1572 1866 efflantes

310 1895 542 1943 a11gebant-;
571 1894 794 1942 forcipibus
815 1906 977 1942 quoque
1004 1892 1145 1941 igneis,
1172 1906 1273 1941 quos
1301 1894 1497 1931 tenebant
1526 1893 1570 1930 in

312 1959 515 2006 manibus,
539 1959 840 1996 minitabantur
866 1971 933 1996 me
958 1958 1300 2006 conprehendere.
1326 1971 1399 1996 nec
1428 1960 1570 1996 tamen

311 2038 377 2061 me
397 2024 606 2062 ullatenus
627 2025 872 2074 contingere,
890 2023 1056 2061 tametsi
1072 2026 1224 2061 terrere
1239 2024 1565 2072 praesumebant.

311 2089 389 2137 Qui
423 2103 516 2127 cum
548 2090 903 2139 undiqueuersum
941 2089 1128 2126 hostibus
1163 2091 1203 2126 et
1238 2089 1429 2127 caecitate
1462 2091 1570 2127 tene-

308 2155 474 2193 brarum
504 2156 730 2202 conclusus,
760 2156 841 2192 huc
869 2155 1050 2203 illucque
1080 2154 1218 2193 oculos
1248 2154 1565 2202 circumferrem,

309 2221 343 2258 si
363 2221 470 2258 forte
497 2221 686 2258 alicunde
717 2221 813 2270 quid
839 2220 993 2267 auxilii,
1020 2233 1099 2269 quo
1127 2220 1315 2266 saluarer,
1340 2220 1564 2267 adueniret,

308 2286 496 2335 apparuit
531 2288 638 2324 retro
670 2286 746 2333 uia,
772 2299 852 2335 qua
881 2298 1086 2331 ueneram,
1118 2285 1233 2333 quasi
1261 2285 1398 2334 fulgor
1426 2285 1568 2323 stellae

308 2351 523 2389 micantis3
544 2351 654 2389 inter
673 2352 872 2399 tenebras,
898 2351 970 2400 qui
994 2350 1195 2400 paulatim
1224 2364 1421 2399 crescens,
1447 2353 1487 2389 et
1515 2351 1565 2389 ad

350 2471 359 2488 ¹
384 2472 423 2501 in
439 2472 613 2511 profunda
631 2496 638 2503 .
657 2496 662 2502 .
683 2496 689 2502 .
708 2471 866 2510 replebat
883 2481 942 2501 om.
956 2469 1123 2501 C.W¹.D.
1140 2470 1198 2501 ἀρ.
1254 2469 1265 2486 ‘·'
1289 2471 1346 2501 -do
1363 2471 1422 2509 Hl.
1475 2471 1486 2488 ³
1507 2474 1568 2501 For

306 2526 366 2554 this
389 2525 537 2560 beautiful
562 2526 660 2561 {maye
683 2525 779 2553 which
803 2525 830 2552 is
847 2525 892 2552 the
915 2524 1044 2559 reaclinq
1059 2524 1093 2559 of
1111 2525 1152 2552 all
1168 2525 1213 2552 tlte
1230 2522 1327 2554 MSS.
1344 2525 1440 2553 which
1458 2525 1474 2553 1
1491 2525 1566 2553 have

304 2579 474 2615 examined,
491 2579 536 2606 the
552 2579 616 2607 edel.
635 2578 699 2613 yz're
715 2578 759 2605 the
775 2577 924 2612 infinitely
934 2585 1039 2612 poorer
1054 2575 1218 2606 meantis.
