1803 2887
331 154 416 193 336
685 153 895 195 Historia
922 153 1229 196 Ecelesiastiea
1439 161 1526 203 [Lm.
1544 164 1584 195 V.

331 273 479 318 tempus
489 270 671 318 paschale
686 270 810 317 primo
829 281 955 308 mense
975 270 1071 308 anni
1091 273 1125 308 et
1145 271 1256 308 tertia
1277 271 1358 307 eius
1378 270 1586 308 ebdomada

331 336 595 373 celebrandum
624 347 701 373 esse
727 336 904 374 diximus.
969 336 1161 374 Ueraciter
1187 336 1289 373 enim
1317 336 1428 373 tertia
1456 336 1588 383 ayitur

332 402 548 448 ebdomada,
587 402 685 448 Quod
717 413 742 439 a
780 413 940 449 uespera
971 402 1153 439 XHHM
1186 402 1262 439 diei
1294 402 1438 449 incipit,
1475 404 1510 439 et
1542 402 1586 438 in

331 479 489 514 uespera
506 467 621 504 XXI
621 470 648 483 ‘¹⁶'
669 467 873 514 conpletur.

390 532 620 579 ‘Postquam
632 543 720 569 uero
724 532 870 579 pascha
885 531 1078 570 nostrum¹
1095 533 1314 570 immolatus
1328 534 1380 570 est
1398 530 1580 579 Christus,
1610 550 1620 568 1
1638 541 1706 569 Cor.
1722 550 1749 569 v.

331 599 503 644 diemque
531 598 640 635 nobis
668 598 909 645 dominicam,
943 609 1038 645 quae
1070 598 1175 645 apud
1207 599 1387 644 antiquos
1414 609 1495 635 una
1523 599 1586 636 uel
1607 590 1630 616 7'

323 664 457 711 prima
476 664 625 701 sabbati
644 664 726 701 siue
744 664 986 702 sabbatorum
1005 666 1174 711 uocatur,
1197 664 1340 711 qaudio
1355 674 1448 700 suae
1466 674 1586 701 resur·

330 729 507 766 reetionis
514 729 609 775 fecit
622 727 635 745 ²
655 740 731 766 esse
749 729 988 774 sollemnem;
1019 730 1075 766 ita
1089 729 1188 766 hanc
1207 728 1411 775 apostolica
1431 729 1585 767 traditio

319 794 435 840 festis
462 794 706 841 paschalibus
737 795 910 840 inseruit,
940 797 985 831 ut
1013 795 1070 831 nil
1097 794 1323 832 omnimodis
1352 793 1395 830 de
1422 796 1585 842 tempore

323 860 484 906 paschae
519 860 649 906 leqalis
672 861 1042 908 praeoccupandum,
1075 860 1174 897 nihil
1203 859 1456 897 minuendum
1481 857 1485 900 Ι
1510 871 1586 898 6336
1606 870 1627 899 f.
1646 881 1694 899 120
1708 880 1734 899 a.

330 925 553 963 decerneret.
615 926 718 974 Quin
745 927 879 974 potius
915 928 1061 973 statuit,
1105 929 1149 964 ut
1181 928 1439 974 expectaretur
1476 927 1587 964 iuxta

321 996 568 1040 praeceptum
598 993 689 1041 leyis
717 993 817 1031 idem
838 994 995 1041 primus
1022 994 1118 1031 anni
1146 994 1297 1040 mensis,
1327 995 1589 1040 expectaretur

329 1057 497 1094 XIIIP
532 1058 609 1095 dies
646 1058 762 1105 illius,
804 1060 1062 1105 expectaretur
1097 1069 1256 1105 uespera
1293 1058 1469 1095 eiusdem.
1529 1057 1586 1095 Et

329 1135 416 1160 eum
436 1123 527 1161 haec
547 1124 687 1161 diesin
710 1124 912 1161 sabbatum
930 1123 1034 1170 forte
1059 1124 1239 1161 inciderit
1254 1122 1276 1170 ³,
1304 1124 1443 1161 tolleret
1468 1135 1586 1160 unus·

328 1189 488 1235 quisque
512 1201 655 1236 aenum
676 1200 752 1236 per
761 1189 943 1236 familias
969 1191 1004 1226 et
1027 1189 1162 1227 domus
1187 1201 1287 1236 suas,
1317 1192 1351 1226 et
1377 1189 1586 1226 immolaret

328 1266 413 1290 eum
447 1254 498 1291 ad
539 1265 746 1301 uesperam,
784 1254 826 1291 id
856 1256 910 1291 est
939 1257 1221 1301 praepararent
1252 1265 1380 1292 omnes
1412 1254 1585 1291 ecclesiae

319 1331 393 1366 per
406 1320 541 1365 orbem,
560 1330 655 1366 quae
669 1331 790 1357 unam
804 1320 1024 1357 catholicam
1032 1320 1200 1367 faciunt,
1211 1331 1354 1366 panem
1369 1322 1404 1356 et
1418 1320 1558 1357 uinum
1572 1319 1584 1338 ⁴¹

326 1386 368 1422 in
397 1384 643 1432 mysterium⁵
677 1385 805 1423 carnis
834 1387 868 1422 et
898 1385 1099 1432 sanyuinis
1131 1386 1225 1433 (tyni
1257 1385 1493 1432 inmaculati,
1518 1385 1584 1432 qui
1607 1392 1736 1420 cf.J0h.
1754 1392 1773 1421 i.

328 1448 487 1485 abstulit
498 1450 656 1495 peccata
677 1448 812 1484 mundi
830 1461 841 1492 ‚·
876 1450 910 1485 et
920 1448 1166 1494 praecedente
1191 1459 1359 1496 eonyrua
1383 1448 1583 1486 lectionum
1606 1441 1689 1508 {⁰39¹
1707 1432 1791 1460 Peta

327 1514 549 1550 orationum
563 1513 584 1559 ⁶,
606 1514 925 1550 caerimoniarum
935 1513 1179 1559 paschalium
1199 1514 1460 1561 sollemnitate,
1479 1513 1585 1560 offer-

327 1578 433 1616 rent⁷
472 1579 562 1616 haee
594 1579 759 1616 Domino
790 1579 834 1615 in
870 1590 975 1626 spem
1003 1578 1170 1625 futurae
1201 1591 1294 1616 suae
1331 1579 1579 1617 redemtionis.

326 1645 423 1691 Ipsa
438 1647 492 1682 est
506 1645 607 1682 enim
625 1645 754 1682 cadem
767 1656 850 1691 nox,
872 1644 915 1681 in
929 1656 1006 1691 qua
1026 1645 1070 1681 de
1084 1643 1261 1692 Aeyypto
1272 1656 1348 1692 per
1360 1646 1585 1693 sanquinem

328 1711 422 1757 ayni
440 1710 659 1747 Israelitica
671 1710 782 1758 plebs
796 1712 921 1757 erepta
942 1712 1021 1755 est;
1051 1710 1145 1757 ipsa,
1167 1710 1209 1747 in
1229 1722 1305 1757 qua
1317 1721 1391 1757 per
1404 1722 1586 1749 resurrec-

329 1776 467 1813 tionem
500 1775 644 1814 Christi
682 1776 862 1814 liberatus
899 1774 978 1813 est⁸
1017 1787 1040 1812 a
1077 1778 1194 1813 morte
1232 1778 1389 1813 aeterna
1416 1777 1586 1824 populus

327 1842 450 1879 omnis
495 1842 580 1878 Dei.
638 1841 760 1879 illane
807 1843 935 1878 autem
981 1841 1228 1879 inlucescente
1275 1842 1334 1879 die
1380 1842 1580 1888 dominica,

320 1908 494 1955 primam
514 1907 712 1955 paschalis
730 1906 827 1954 festi
856 1907 955 1944 diem
983 1907 1218 1944 celebrarent.
1278 1907 1375 1954 Ipsa
1403 1910 1456 1945 est
1482 1908 1584 1945 enim

329 1973 418 2019 dies,
438 1973 480 2010 in
492 1984 568 2020 qua
583 1973 867 2010 resurrectionis
881 1983 973 2009 suae
983 1973 1146 2019 ,cyloriam
1160 1973 1353 2011 Dominus
1367 1973 1584 2021 multifario

319 2039 413 2086 piae
439 2038 686 2076 reuelationis
708 2038 850 2086 ⁸(Jaudio
881 2038 1079 2086 discipulis
1094 2038 1291 2085 patefecit.
1339 2039 1439 2087 Ipsa
1451 2041 1585 2086 prima

330 2104 408 2141 dies
445 2115 680 2151 azymorum,
719 2104 764 2141 de
801 2115 878 2151 qua
915 2104 1080 2141 multum
1117 2104 1290 2141 distinete
1330 2105 1374 2142 in
1410 2105 1583 2143 Leuitico

328 2171 511 2217 seriptum
531 2172 585 2208 est
601 2183 611 2207 .·
646 2169 818 2207 “BIense
832 2170 972 2217 primo,
995 2169 1163 2206 XII-71¹²
1184 2170 1243 2207 die
1266 2171 1408 2207 mensis
1430 2171 1483 2208 ad
1505 2182 1584 2208 ues-
1607 2178 1713 2225 Ἑρμῇ.

319 2247 456 2282 peram
467 2235 588 2283 phase
607 2236 767 2273 Domini
787 2237 851 2282 est,
877 2238 911 2272 et
936 2235 978 2271 X
986 2235 1034 2272 V·¹
1061 2235 1119 2272 die
1138 2236 1279 2273 mensis
1301 2236 1418 2273 huius
1439 2236 1582 2274 sollem-
1605 2228 1693 2246 xxm.
1710 2226 1762 2254 5'7

327 2301 432 2338 nitas
460 2313 684 2348 azymorum
709 2301 870 2338 Domini
898 2303 964 2338 est.
1028 2301 1118 2338 VH
1147 2301 1276 2338 diebus
1307 2313 1445 2349 azyma
1473 2313 1583 2340 come-

329 2367 425 2404 detis
439 2365 462 2404 ⁹.
522 2367 619 2404 Dies
628 2367 783 2413 primus
802 2367 874 2404 erit
891 2366 1158 2413 celeberrimus,
1183 2367 1448 2414 sanetusque.”

370 2475 381 2493 ¹
405 2477 565 2506 uestrum
583 2474 630 2507 0¹.
749 2474 761 2492 ²
782 2475 868 2507 facit
884 2475 944 2506 M1.
1073 2475 1085 2493 ³
1107 2477 1176 2506 —ret
1194 2475 1229 2507 C.
1357 2475 1368 2493 ⁴
1392 2477 1518 2507 uiuum
1534 2477 1581 2508 M.

328 2531 340 2548 ⁵
362 2531 603 2561 ministerium
621 2530 658 2561 O.
676 2530 736 2569 Ηι.
837 2528 850 2545 ⁶
871 2532 907 2560 et
923 2540 971 2561 or.
991 2530 1027 2561 C.
1130 2529 1142 2547 ⁷
1165 2530 1313 2561 offerent
1330 2530 1376 2562 M.
1472 2531 1484 2549 ⁸
1507 2532 1581 2572 ipsa

328 2584 367 2614 in
384 2607 391 2615 .
413 2608 420 2615 .
439 2608 446 2614 .
464 2584 517 2614 est
532 2593 590 2615 om.
608 2582 654 2614 Μι
673 2585 772 2613 added
788 2593 826 2613 on
843 2592 936 2620 upper
952 2584 1084 2620 maryin.
1197 2582 1209 2600 ⁹
1232 2583 1331 2613 -ditis
1348 2582 1394 2613 M.
