1803 2887
88 2049 136 2076 He
151 2050 254 2076 deter-

87 2089 193 2116 mines
207 2092 242 2115 to

88 2128 196 2162 resign
212 2126 277 2154 and

87 2176 127 2201 go
142 2176 183 2194 on
199 2166 259 2201 pil-

85 2206 232 2242 grimage
247 2211 282 2233 to

88 2247 197 2273 Rome.

313 164 398 205 380
726 161 935 204 Historia
966 160 1194 204 Abbatum

312 280 427 318 sterio
447 278 613 328 reliquit
633 292 642 326 ;
676 277 769 316 dato
791 290 952 327 quoque
976 274 1414 326 Cosmographiorum¹
1438 275 1572 314 codice

314 344 493 382 mirandi
541 345 684 393 operis,
737 356 861 392 quem
909 343 1062 380 Romae
1109 341 1359 379 Benedictus
1403 343 1568 388 emerat,

315 407 494 447 terram²
532 411 620 446 octo
659 408 912 446 familiarum
958 407 1072 445 iuxta
1118 407 1294 445 fluuium
1342 407 1487 444 Fresca
1522 406 1572 444 ab

315 474 510 512 Aldfrido
536 487 630 523 rege
654 473 696 510 in
722 472 934 521 scripturis
954 472 1191 510 doctissimo
1211 471 1254 509 in
1275 472 1574 521 possessionem

314 539 557 577 monasterii
594 538 703 576 beati
744 537 865 575 Pauli
903 537 1078 587 apostoli
1122 537 1402 585 comparauit3
1449 550 1574 586 quem

315 601 579 650 comparandi
610 600 797 638 ordinem
829 599 927 649 ipse,
962 600 1063 637 dum
1095 599 1343 647 aduiue1·et³‚
1382 599 1574 637 Benedic-

315 668 383 704 tus
420 680 515 704 cum
549 666 692 703 eodem
730 678 823 714 rege
856 665 1048 703 Aldfrido
1082 666 1302 712 taxauerat,
1341 664 1411 702 sed
1448 664 1574 713 prius-

315 745 441 781 quam
463 731 668 780 complere
687 730 888 779 potuisset
908 730 1019 768 obiit.
1081 730 1240 768 Uerum
1269 743 1343 778 pro
1367 729 1442 766 hac
1467 730 1575 766 terra

313 797 589 846 postmodum,
647 796 802 834 Osredo
818 797 830 816 ⁴
885 797 1092 845 regnante,
1145 794 1385 842 Ceoffridus,
1435 794 1574 832 addito

314 862 446 911 pretio
477 862 613 911 digno,
647 863 798 899 terram
832 861 984 910 uiginti
1012 860 1266 898 familiarum
1303 859 1347 898 in
1380 860 1468 898 loco
1504 860 1575 909 qui

314 928 540 966 incolarum
574 927 717 977 lingua
748 927 816 965 Ad
849 927 995 965 uillam
1026 926 1227 965 Sambuce
1264 927 1442 974 uocatur,
1479 926 1575 975 quia

314 993 412 1031 haec
451 992 626 1030 uicinior
663 992 798 1030 eidem
844 991 1092 1030 monasterio
1139 991 1366 1038 uidebatur,
1408 991 1573 1041 accepit.

313 1059 453 1096 Missis
471 1059 636 1096 Romam
654 1057 868 1095 monachis
895 1059 1079 1106 tempore
1107 1058 1235 1095 beatae
1251 1057 1263 1075 5
1284 1056 1575 1095 recordationis

314 1123 437 1172 Seryii
458 1136 598 1171 papae,
621 1124 881 1171 priuileyz'um
907 1122 956 1160 ab
978 1136 1024 1160 eo
1048 1135 1120 1171 pro
1140 1122 1318 1160 tuitione
1347 1122 1411 1159 sui
1436 1135 1574 1160 mona-

315 1188 428 1226 sterii
451 1190 575 1227 instar
595 1190 699 1227 ‘illius
720 1188 828 1237 quod
844 1188 1000 1236 Aqatho
1013 1188 1025 1207 ⁶
1044 1201 1147 1236 papa
1166 1188 1372 1226 Benedicto
1393 1188 1569 1235 dederat,

315 1255 480 1302 accepit;
511 1254 619 1302 quod
649 1253 904 1291 Brittannias
932 1253 1147 1302 perlatum,
1181 1254 1222 1290 et
1251 1265 1386 1290 coram
1416 1253 1573 1302 synodo

314 1319 574 1368 patefactum,
594 1318 872 1368 praesentium
901 1317 1181 1367 episcoporum
1209 1318 1335 1356 simul
1361 1320 1402 1356 et
1421 1318 1576 1368 magni-

314 1384 383 1422 fici
425 1384 532 1433 regis
568 1383 776 1422 Aldfridi⁷
814 1383 1115 1432 subscriptione
1161 1383 1452 1421 confirmatum
1498 1386 1570 1431 est,

316 1450 520 1499 quomodo
559 1449 685 1487 etiam
722 1449 836 1498 prius
873 1449 977 1487 illud
1016 1449 1080 1487 sui
1112 1449 1312 1498 temporis
1349 1462 1488 1499 regem
1535 1451 1576 1487 et

316 1517 526 1564 episcopos
559 1515 604 1552 in
638 1515 794 1563 synodo
827 1514 990 1564 publice
1024 1514 1287 1552 confirmasse
1314 1513 1317 1565 Ι
1343 1528 1428 1552 non
1461 1515 1571 1552 latet.
1598 1525 1620 1554 f.
1640 1533 1669 1559 17
1684 1525 1712 1553 b.

316 1581 590 1630 Temporibus
615 1580 754 1617 illius⁸
778 1580 944 1618 tradens
973 1593 1016 1618 se
1045 1579 1294 1617 monasterio
1325 1579 1433 1617 beati
1460 1580 1576 1618 Petri

317 1646 502 1695 apostoli,
528 1646 636 1695 quod
653 1645 665 1664 ⁹
693 1645 868 1694 regebat,
894 1648 1114 1683 ueteranus
1137 1659 1182 1683 ac
1210 1645 1434 1695 religiosus,
1463 1647 1503 1683 et
1531 1645 1576 1683 in

316 1714 432 1750 omni
465 1714 551 1749 tam
580 1710 775 1749 saeculari
805 1724 929 1760 quam
962 1711 1257 1760 scripturarum
1290 1711 1462 1749 scientia
1493 1724 1578 1749 eru-

318 1778 429 1815 ditus
451 1776 606 1815 Christi
626 1776 806 1814 famulus
828 1776 1055 1824 Uitmaerw,
1072 1778 1227 1814 terram
1248 1776 1388 1814 dec-em
1408 1776 1577 1814 familia-

318 1856 422 1890 rum,
450 1855 573 1891 quam
594 1841 644 1879 ab
665 1841 856 1879 Aldfrido
872 1855 965 1891 rege
981 1841 1025 1879 in
1041 1842 1341 1890 possessionem
1356 1844 1573 1891 acceperat,

316 1909 362 1946 in
386 1908 473 1946 loco
499 1907 624 1944 uillae
645 1920 749 1956 quae
770 1907 927 1944 Daltun
945 1905 968 1924 ¹¹
991 1908 1262 1956 nuncupatur,
1287 1907 1421 1945 eidem
1442 1921 1579 1946 mona-

319 1973 442 2011 sterio
462 1974 680 2022 perpetuae
699 1972 968 2021 possessionis
987 1972 1076 2009 iure
1096 1973 1276 2011 donauit.

379 2040 436 2076 16.
470 2039 529 2076 At
558 2038 629 2075 ubi
658 2037 928 2076 Ceolfridus¹²
954 2040 1046 2087 post
1077 2038 1256 2076 multam
1286 2038 1484 2087 regularis
1515 2038 1578 2077 ob·
1600 2048 1686 2076 Hist.

319 2103 549 2142 seruantiae
570 2103 830 2152 disciplinam
851 2116 974 2151 quam
994 2103 1073 2141 sibi
1092 2103 1216 2153 ipsi¹²,
1240 2103 1392 2152 pariter
1411 2117 1456 2142 ac
1476 2104 1573 2152 suis,
1601 2089 1708 2156 ἐΐσῃ·
1731 2088 1748 2124 ἓ

318 2172 434 2219 pater
447 2170 471 2189 ¹⁴
503 2169 730 2218 prouuidus
759 2182 809 2206 ex
841 2168 1025 2218 priorum
1053 2169 1294 2207 auctoritate
1328 2169 1576 2217 contribuit;

363 2267 372 2284 ¹
397 2267 601 2307 —grafiorum
619 2267 661 2297 D.
679 2267 715 2297 P.
735 2267 769 2298 C.
790 2266 828 2297 F.
906 2266 917 2283 ²
940 2268 1073 2297 terram
1088 2268 1196 2298 etiam
1213 2268 1241 2299 δ.
1319 2267 1330 2284 ³
1355 2268 1441 2298 dum
1457 2268 1574 2299 adhuc

317 2323 456 2352 uiueret
475 2322 515 2353 D.
536 2322 574 2352 P.
593 2322 628 2353 C.
646 2322 686 2353 B.
706 2322 742 2352 F.
924 2321 935 2338 ⁴
958 2322 1079 2353 essedo
1097 2322 1154 2361 HI.
1343 2322 1355 2339 ⁵
1377 2323 1499 2353 beatae
1514 2333 1575 2354 om.

318 2375 359 2405 D.
378 2375 415 2404 P.
434 2374 471 2405 C.
488 2374 529 2404 Β.
548 2374 585 2405 F.
674 2375 686 2392 ⁶
708 2375 809 2413 agato
827 2374 864 2405 C.
969 2373 982 2391 ⁷
1005 2374 1126 2404 alfridi
1147 2374 1183 2406 C.
1287 2375 1298 2393 ⁸
1321 2377 1441 2405 autem
1458 2375 1531 2405 illis
1547 2379 1575 2407 δ.

317 2426 329 2444 ⁹
353 2435 453 2464 quem
472 2427 527 2464 HJ.
547 2427 575 2457 δ.
719 2426 742 2443 ¹⁰
758 2427 916 2456 uuitmer
930 2427 972 2457 D.
985 2427 1013 2456 B
1030 2437 1037 2464 ;
1060 2427 1204 2457 witmer
1216 2427 1254 2458 P.
1269 2427 1293 2458 C
1311 2438 1318 2466 ;
1341 2427 1525 2459 witmerus
1537 2430 1576 2466 ὃς

317 2478 484 2517 wytimer
497 2478 533 2508 F.
617 2476 640 2494 ¹¹
665 2478 800 2508 daldun
819 2478 862 2509 D.
879 2478 918 2509 P.
934 2479 972 2510 C.
988 2479 1018 2509 B
1033 2489 1041 2517 3
1065 2479 1195 2509 daldofi
1213 2479 1248 2510 F.
1338 2479 1362 2496 ¹²
1385 2480 1578 2511 ceolfridus

319 2540 379 2561 om.
396 2530 454 2570 HI.
475 2531 502 2561 δ.
643 2528 666 2546 ¹³
690 2531 758 2569 ipsi
777 2541 837 2561 om.
855 2530 912 2567 Hl.
1048 2529 1071 2548 ¹²
1097 2541 1136 2561 ac
1152 2541 1236 2561 suus
1252 2533 1352 2570 pater
1369 2532 1578 2564 benedictus

323 2586 366 2616 D.
386 2585 424 2617 P.
442 2585 477 2616 C.
498 2585 536 2616 B.
557 2584 595 2616 F.
612 2587 716 2621 wholly
731 2587 861 2623 alter-inq
876 2588 921 2615 tlze
937 2595 1030 2616 sense.
1077 2586 1218 2624 &follows
1234 2586 1292 2626 Hl.
