1803 2887
49 1384 70 1412 f.
86 1393 119 1420 93
137 1384 165 1412 b.

47 1972 86 2018 cf.
107 1983 122 2008 3
138 1974 214 2009 Reg.

47 2020 155 2058 xl..12;

46 2060 108 2079 xxl.
127 2062 168 2088 ²9·

57 2381 65 2398 ι
78 2370 186 2400 Thess.

50 2418 76 2438 v.
93 2420 115 2446 3.

246 157 323 188 Cn.
335 157 447 186 xxm
462 153 616 194 [xxv].]
682 145 835 188 Gentis
866 147 904 187 A
914 145 1134 200 nyloo‘um.
1418 148 1498 189 265

243 261 392 310 inquit,
422 262 624 300 ‘multum
644 261 750 300 mihi
777 275 865 300 esse
888 275 1053 299 necesse
1076 261 1229 311 uigiliis
1253 262 1502 300 salutaribus

241 327 439 375 insistere,
474 330 514 365 et
544 341 617 376 pro
646 327 750 365 meis
778 327 980 364 erratibus
1009 327 1151 364 sedulo
1186 327 1412 365 Dominum
1440 328 1501 365 de-

242 392 419 441 precari.’
477 392 553 440 Qui
591 393 771 430 adiciens
805 393 1013 439 ‘Uermn,'
1043 392 1192 441 inquit,
1234 393 1367 439 ί(116151,
1406 393 1501 442 quia

242 460 282 495 et
308 457 385 495 tibi
415 460 456 495 et
482 458 626 496 multis
656 471 758 506 opus
783 459 845 495 est
871 459 1031 506 peecata
1061 471 1133 496 sua
1161 458 1280 495 bonis
1310 458 1502 507 operibus

242 523 452 570 redimere,
477 526 528 571 et,
553 537 647 561 cum
668 525 828 561 cessant
857 536 880 560 a
903 522 1113 561 laboribus
1139 536 1276 561 rerum
1306 526 1502 572 tempora-

241 588 357 635 lium,
383 591 481 626 tunc
506 602 579 637 pro
604 589 788 638 appetitu
816 591 1078 627 aeternorum
1102 589 1305 627 bonorum
1332 589 1502 627 liberius

241 654 425 692 laborare
442 669 451 702 3
482 655 552 692 sed
567 655 644 692 hoc
659 656 800 692 tamen
814 654 1049 703 paucissimi
1064 655 1233 693 faciunt.
1286 654 1500 703 Siquidem

243 720 365 757 modo
390 722 525 757 totum
554 720 631 757 hoc
656 720 953 758 monasterium
984 733 1033 758 ex
1062 720 1206 758 ordine
1233 720 1497 768 perlustrans,

243 785 502 834 singulorum
536 799 645 823 casas
683 798 728 823 ac
766 785 890 823 lectos
929 785 1100 834 inspexi,
1134 788 1174 823 et
1213 785 1425 823 neminem
1453 799 1501 824 ex

244 850 437 887 omnibus
464 853 623 899 praeter
649 852 690 887 te
714 863 807 899 erga
835 850 1054 888 sanitatem
1083 850 1245 887 animae
1268 863 1364 887 suae
1387 863 1502 887 occu-

243 918 385 964 patum
406 916 564 964 repperi
582 930 591 962 3
621 916 690 953 sed
713 929 856 953 omnes
876 929 1052 964 prorsus,
1077 919 1118 954 et
1146 915 1226 953 uiri
1247 918 1286 953 et
1310 916 1498 963 feminae,

241 984 312 1018 aut
350 994 495 1018 somno
532 983 698 1030 torpent
736 981 871 1027 inerti,
913 984 984 1019 aut
1022 981 1072 1018 ad
1111 984 1274 1030 peccata
1313 981 1500 1030 uigilant.

243 1046 350 1084 Nam
371 1049 410 1084 et
437 1047 720 1093 domunculae,
747 1060 850 1096 quae
877 1047 926 1084 ad
954 1047 1158 1084 orandum
1185 1047 1252 1084 uel
1279 1047 1501 1096 legendum

241 1112 393 1150 factael
430 1116 556 1160 erant,
599 1125 710 1150 nunc
745 1113 789 1149 in
821 1112 1181 1159 comessationum,
1225 1113 1497 1161 potationum,

240 1178 551 1226 fabulationum,
576 1179 617 1216 et
642 1181 870 1215 ceterarum
899 1180 997 1215 sunt
1025 1178 1323 1215 inlecebrarum
1352 1178 1501 1217 cubilia

242 1257 468 1291 conuersae,
512 1244 694 1293 uirgines
742 1256 902 1292 quoque
949 1244 1035 1281 Deo
1083 1244 1247 1290 dicatae,
1291 1246 1501 1282 contemta

242 1309 471 1347 reuerentia
509 1323 603 1347 suae
642 1309 918 1359 professionis,
962 1309 1300 1358 quotiescumque
1338 1312 1496 1357 uacant,

241 1376 429 1413 texendis
457 1375 741 1413 subtilioribus
770 1374 1026 1411 indumentis
1053 1373 1057 1423 Ι
1084 1388 1246 1422 operam
1274 1375 1384 1421 dant,
1410 1375 1499 1424 qui-

240 1441 317 1478 bus
349 1443 420 1479 aut
451 1454 493 1478 se
526 1441 635 1490 ipsas
668 1440 718 1478 ad
753 1440 885 1477 uicem
916 1453 1160 1488 sponsarum
1194 1439 1239 1477 in
1270 1441 1499 1489 periculum

241 1507 303 1544 sui
343 1508 474 1544 status
518 1507 730 1553 adornent,
773 1508 844 1543 aut
889 1509 1156 1543 externorum
1196 1505 1275 1543 sibi
1315 1506 1499 1544 uirorum

240 1573 464 1610 amicitiam
507 1574 741 1622 conparent.
817 1572 939 1609 Unde
986 1573 1134 1609 merito
1180 1571 1269 1609 loco
1316 1572 1411 1609 huic
1461 1574 1501 1610 et

239 1638 539 1677 habitatoribus
577 1638 665 1676 eius
702 1638 839 1687 grauis
872 1638 922 1675 de
960 1637 1068 1675 caelo
1106 1637 1290 1675 uindicta
1322 1638 1501 1675 fiammis

240 1704 517 1742 saeuientibus
545 1707 781 1753 praeparata
810 1704 899 1742 est.'
957 1703 1071 1740 Dixit
1099 1705 1239 1740 autem
1268 1702 1499 1741 abbatissa:

246 1769 321 1806 ‘Et
354 1783 480 1818 quare
513 1783 597 1808 non
632 1770 752 1808 citius
787 1770 863 1807 hoc
900 1771 1144 1817 conpertum
1178 1768 1284 1806 mihi
1317 1768 1500 1806 reuelare

241 1835 411 1873 uoluisti
427 1836 447 1873 ⁶?
461 1836 470 1850 ’
508 1835 586 1883 Qui
602 1835 812 1884 respondit
830 1849 838 1873 :
867 1833 1027 1871 ‘Timui
1042 1835 1209 1882 propter
1224 1834 1499 1872 reuerentiam

241 1902 366 1948 tuam,
391 1914 444 1938 ne
469 1900 575 1938 forte
600 1901 780 1938 nimium
807 1899 1107 1938 conturbareris
1125 1913 1134 1946 3
1165 1901 1205 1936 et
1228 1901 1369 1937 tamen
1395 1899 1501 1937 hanc

241 1966 563 2004 consolationem
588 1967 749 2014 habeas,
775 1967 883 2015 quod
911 1965 955 2002 in
980 1965 1125 2002 diebus
1148 1964 1232 2002 tuis
1257 1964 1355 2002 haec
1381 1965 1501 2015 plaga

241 2045 326 2069 non
352 2032 642 2081 superueniet.'
699 2032 787 2080 Qua
814 2031 1049 2080 diuulgata²
1077 2030 1247 2077 uisione,
1273 2030 1500 2079 aliquantu-

241 2097 330 2135 lum
369 2098 447 2135 loci
480 2098 638 2136 accolae
675 2098 814 2147 paucis
853 2097 998 2135 diebus
1036 2096 1191 2143 timere,
1231 2098 1271 2133 et
1310 2109 1352 2133 se
1390 2096 1500 2145 ipsos

240 2163 488 2201 intermissis
524 2163 773 2201 facinoribus
810 2163 1005 2211 castigare
1047 2163 1278 2210 coeperunt.
1340 2162 1498 2200 Uerum

241 2232 332 2278 post
357 2228 517 2268 obitum
545 2229 700 2278 ipsius3
729 2228 958 2266 abbatissae
989 2227 1198 2265 redierunt
1226 2227 1276 2264 ad
1305 2228 1500 2275 pristinas

241 2295 390 2343 sordes,
414 2296 545 2333 immo
565 2294 822 2333 sceleratiora
842 2294 1038 2331 fecerunt.
1100 2293 1154 2330 Et
1181 2306 1276 2330 cum
1303 2293 1495 2342 dicerent,

247 2360 358 2398 ‘Pax
392 2363 432 2399 et
466 2360 687 2408 securitas,’
722 2359 930 2408 extemplo
959 2359 1162 2408 praefatae
1199 2358 1367 2396 ultionis
1401 2362 1500 2397 sunt

241 2438 373 2474 poena
391 2426 567 2464 multati.

295 2490 407 2539 Quae
446 2491 551 2528 mihi
589 2492 737 2528 cuncta
777 2491 834 2527 sic
875 2502 962 2527 esse
999 2489 1105 2528 facta
1142 2489 1500 2527 reuerentissimus

282 2578 291 2596 ¹
319 2579 412 2610 facta
428 2578 474 2609 M.
646 2577 657 2594 ²
681 2578 738 2609 de·
755 2577 800 2608 M.
966 2578 977 2595 ³
1002 2578 1123 2617 ipsius,
1143 2580 1242 2608 added
1259 2588 1297 2608 οη
1313 2579 1437 2615 maryz'n
1454 2577 1500 2608 M.

1525 1064 1560 1083 as
1575 1064 1594 1082 a
1609 1054 1719 1082 divine

1522 1095 1560 1130 ju
1573 1096 1715 1129 lgement

1525 1135 1575 1161 for
1590 1134 1632 1161 its
1647 1142 1714 1161 cor-

1525 1174 1684 1209 ruptions.
