1803 2887
64 2012 90 2038 F
92 2011 209 2039 urther

62 2050 221 2078 miracles.

294 175 378 215 220
657 171 704 212 H
709 170 866 213 istoria
895 169 1204 212 Ecclesiccstica
1392 177 1479 218 [Lm.
1494 179 1548 212 IV.

293 284 455 332 Christi,
489 284 540 322 ad
578 283 793 333 sepulchra
831 282 1018 329 fratrum,
1053 282 1125 331 qui
1162 294 1230 319 eas
1262 294 1312 319 ex
1348 281 1423 319 hac
1460 281 1551 319 luce

293 351 607 400 praecesserant,
632 349 773 386 solitas
797 348 976 385 Domino
1002 347 1142 385 laudes
1163 347 1436 394 decantarent,
1462 359 1552 384 ecce

293 415 428 454 subito
462 415 534 452 lux
568 413 718 451 emissa
749 413 927 461 caelitus,
961 413 1093 450 ueluti
1126 412 1303 449 linteum
1336 425 1546 461 magnum,

291 481 407 518 uenit
437 493 559 529 super
587 492 741 526 omnes,
772 480 969 527 tantoque
998 490 1065 515 eas
1093 479 1259 526 stupore
1287 477 1471 526 perculit,
1505 478 1551 515 ut

292 547 417 583 etiam
443 544 447 596 Ι
473 544 690 592 canticum,
738 544 846 592 quod
885 543 1097 587 canebant,
1132 542 1392 580 tremefactae
1429 543 1552 580 inter-

292 612 519 648 mitterent.
567 610 662 658 Ipse
683 611 821 647 autem
841 608 1035 657 splendor
1051 607 1221 645 emissae
1242 607 1354 654 lucis,
1372 608 1416 645 in
1437 607 1552 645 cuius

292 675 579 725 conparatione
616 674 679 712 sol
717 674 971 712 meridianus
1002 673 1135 711 uideri
1170 675 1308 722 posset
1341 673 1547 721 obscurus,

292 755 376 779 non
406 741 539 778 multo
568 741 660 789 post
686 739 757 776 illo
785 739 969 776 eleuatus
990 738 1039 776 de
1065 738 1163 785 loco,
1187 739 1232 776 in
1252 735 1551 776 meridianum1

292 805 541 854 monasterii,
577 805 654 842 hoc
688 807 747 842 est
785 805 836 842 ad
875 804 1129 841 occidentem
1162 803 1334 850 oratorii,
1372 803 1547 851 secessit,

291 872 430 920 ibique
458 870 700 920 aliquandiu
728 871 967 917 remoratus,
999 871 1039 907 et
1068 882 1113 907 ea
1147 869 1233 907 loca
1263 870 1460 918 operiens,
1494 870 1552 908 sic

292 936 532 975 uidentibus
552 935 712 973 cunctis
737 935 787 973 ad
812 935 911 972 caeli
937 948 979 972 se
1006 935 1090 973 alta
1118 935 1339 982 subduxi&
1369 937 1416 972 ut
1445 935 1552 973 nulli

293 1004 398 1040 esset
419 1001 602 1049 dubium,
630 1001 729 1050 quin
754 1001 841 1049 ipsa
866 999 948 1048 lux,
975 1013 1076 1049 quae
1095 999 1280 1037 animas2
1300 1000 1552 1038 famularum

293 1067 446 1107 Christi
480 1069 586 1105 esset
620 1067 793 1104 ductura
827 1065 893 1103 uel
924 1067 1162 1114 susceptura
1194 1066 1239 1103 in
1268 1066 1397 1113 caelis,
1427 1065 1552 1103 etiam

293 1132 529 1181 corporibus
558 1145 699 1169 earum
727 1131 876 1178 locum,
909 1131 954 1168 in
983 1144 1063 1179 quo
1097 1131 1339 1180 requietura,
1370 1132 1410 1168 et
1439 1130 1552 1168 diem

292 1197 602 1235 resurrectionis
636 1198 772 1233 essent
801 1197 1072 1244 expectatura,
1106 1198 1364 1234 monstraret.
1424 1196 1552 1235 Cuius

292 1263 430 1301 radius
468 1262 571 1299 lucis
608 1264 750 1299 tantus
783 1261 921 1298 extitit
934 1262 956 1309 ἢ,
992 1263 1039 1298 ut
1074 1262 1241 1310 quidam
1275 1262 1324 1300 de
1356 1261 1552 1300 fratribus

293 1328 438 1376 senior,
465 1329 535 1377 qui
568 1328 656 1376 ipsa
689 1327 788 1364 hora
817 1327 862 1364 in
891 1327 1064 1365 oratorio
1094 1340 1236 1364 eorum
1266 1340 1360 1364 cum
1388 1327 1468 1365 alio
1496 1327 1553 1365 iu-

292 1394 407 1432 niore
435 1393 593 1443 positus
621 1393 763 1440 fuerat,
792 1392 959 1430 referret
987 1405 1118 1440 mane,
1144 1393 1250 1441 quod
1279 1393 1452 1442 ingressi
1479 1405 1552 1441 per

293 1461 441 1497 rimas⁴
471 1459 672 1496 ostiorum
701 1458 769 1495 uel
803 1458 1073 1495 fenestrarum
1107 1457 1210 1495 radii
1237 1458 1350 1506 lucis,
1383 1471 1552 1496 omnem

293 1525 430 1563 diurni
449 1524 622 1562 luminis
642 1523 881 1562 uiderentur
901 1536 1090 1573 superare
1111 1523 1325 1573 fulgorem.

788 1703 909 1741 CAP.
933 1703 1056 1741 VIII.

295 1813 331 1841 L't
347 1813 378 1840 in
397 1813 495 1841 eodem
511 1813 692 1840 monasterio
702 1812 854 1847 puerulus
866 1813 996 1840 moriens—
1011 1813 1178 1848 w'rylnem,
1189 1822 1266 1848 qnae
1281 1822 1310 1841 se
1322 1815 1386 1842 erat
1399 1815 1548 1852 secutura,

365 1865 546 1893 clamazcerz't
554 1874 566 1900 ;
599 1866 690 1900 utque
714 1865 778 1892 αῖιά
805 1865 839 1892 (Ie
866 1873 981 1899 corpore
1007 1873 1173 1903 egressura,
1202 1867 1266 1894 iam
1286 1867 1478 1901 particulam

725 1916 857 1951 futurae
874 1917 950 1944 lucis
964 1918 1121 1952 aspererlt.

346 2003 464 2042 ERAT
493 2003 538 2041 in
566 2003 709 2041 eodem
739 2005 987 2042 monasterio
1013 2017 1115 2053 puer
1134 2004 1262 2042 trium
1282 2004 1442 2042 circiter
1467 2018 1551 2043 non

293 2070 471 2118 amplius
508 2082 724 2116 annorum,
768 2069 915 2107 Aesica
953 2069 1131 2117 nomine,
1175 2070 1246 2119 qui
1284 2072 1448 2119 propter
1494 2071 1553 2108 in-

293 2135 483 2172 fantilem
503 2135 634 2172 adhuc
661 2137 838 2172 aetatem
867 2134 911 2172 in
938 2135 1148 2184 uirginum
1167 2135 1254 2173 Deo
1275 2136 1552 2174 dedicatarum

293 2200 449 2238 solebat
479 2200 581 2238 cella
614 2200 774 2247 nutriri,
808 2200 947 2249 ibique
975 2200 1165 2238 meditari
1177 2201 1200 2239 ⁵.
1261 2201 1342 2238 Hic
1375 2201 1553 2250 praefata

292 2265 526 2315 pestilentia
555 2267 698 2312 tactus,
733 2265 803 2303 ubi
832 2265 882 2303 ad
913 2266 1093 2303 extrema
1123 2267 1322 2315 peruenit,
1357 2267 1552 2305 clamauit

293 2331 413 2368 tertio
442 2344 570 2368 unam
595 2331 644 2369 de
672 2331 915 2369 consecratis
935 2330 1098 2369 Christo
1125 2331 1365 2381 uirginibus,
1388 2333 1551 2382 proprio

335 2438 346 2456 ²
369 2442 412 2470 sic
431 2439 484 2477 133
517 2450 616 2470 -nam
634 2440 680 2472 M.
697 2440 734 2471 C.
752 2440 807 2478 N;
841 2440 865 2471 C
891 2442 1040 2478 inseniny
1064 2442 1201 2480 partem
1229 2442 1308 2478 after
1332 2443 1550 2473 monasterii.

291 2491 303 2508 ²
326 2492 475 2530 animas,
495 2494 593 2522 added
609 2502 648 2521 οη
664 2494 788 2530 margin
805 2492 850 2523 M.
963 2494 974 2510 ³
998 2494 1072 2522 erat
1090 2492 1126 2523 C.
1145 2492 1185 2523 D.
1200 2492 1257 2523 &Q
1365 2493 1377 2510 4
1401 2494 1497 2533 ripas
1513 2493 1551 2525 C.

293 2542 356 2580 Rll.
374 2543 423 2580 00.
559 2543 570 2559 ⁵
595 2543 764 2574 medicari
793 2546 904 2583 Smitlz,
930 2545 1066 2581 followed
1091 2547 1129 2581 by
1157 2547 1287 2582 Ηιιεεεῃ,
1315 2548 1379 2575 (md
1404 2547 1550 2586 (sile‘ntly)

294 2599 330 2633 by
342 2598 500 2626 Stet-ensem
513 2598 577 2626 ancl
593 2598 734 2633 Moberly.
779 2598 810 2626 It
824 2599 881 2626 has
902 2606 939 2626 no
956 2599 1147 2634 manuscript
1163 2599 1325 2634 cczctlzorz'ty.

1574 420 1614 450 cf.
1628 421 1700 467 Aet.
1712 430 1742 451 x.

1576 470 1603 489 11
1619 471 1625 497 ;
1645 469 1688 489 xi.
1704 469 1729 496 5.

1573 549 1595 577 f.
1613 558 1645 586 77
1659 550 1688 578 b.
