1803 2887
50 491 110 518 His
122 491 178 526 joy
192 492 227 518 at

49 530 106 557 the
121 539 194 557 con-

50 569 177 597 version
192 569 228 596 of

50 609 106 636 the

49 648 196 682 English.

55 2060 235 2095 Liturgical

55 2102 80 2127 R
85 2101 210 2128 eforms.

281 177 333 215 78
637 175 688 215 Η
691 174 846 216 istoria
877 175 1181 216 Ecclesiasticco
1382 183 1467 224 [Lm.
1486 186 1528 216 11.

275 290 476 328 bucellam
497 303 631 327 meam
652 290 772 337 solus,
799 292 839 328 et
866 304 950 328 non
980 290 1156 328 comedit
1184 290 1367 339 pupillus
1395 304 1444 328 ex
1473 304 1529 328 ea.

277 356 380 404 Quia
408 356 457 393 ab
485 355 659 392 infantia
687 368 778 392 mea
808 356 936 393 creuit
965 369 1129 393 mecum
1163 355 1382 403 miseratio,
1411 357 1452 393 et
1480 356 1529 393 de

276 422 391 458 utero
412 421 555 458 matris
573 433 688 457 meae
709 433 868 470 egressa
889 423 950 459 est
971 421 1161 458 mecum.'

331 486 398 524 Ad
432 486 547 523 cuius
579 485 741 534 pietatis
772 487 811 523 et
845 486 1030 526 iustitiae,
1061 499 1163 535 opus
1195 486 1372 534 pertinet
1406 486 1531 523 etiam

276 551 363 598 hoc,
385 552 493 600 quod
513 553 695 588 nostram
715 553 880 600 gentem
899 565 970 600 per
990 551 1294 600 praedicatores,
1321 564 1421 600 quos
1449 551 1529 588 huc

277 617 436 663 direxit,
471 614 545 654 de1
574 616 767 654 dentibus
795 617 955 665 antiqui
984 616 1113 653 hostis
1142 616 1317 664 eripiens
1345 618 1532 654 aeternae

277 681 478 719 libertatis
508 682 603 720 fecit
634 696 720 720 esse
750 682 1016 732 participem;
1060 681 1174 719 cuius
1208 681 1304 718 fidei
1337 684 1376 719 et
1410 681 1532 719 saluti

277 748 547 796 congaudenS,
581 761 784 797 quamque
813 749 936 797 digna
964 747 1084 784 laude
1113 747 1413 794 commendans,
1447 747 1534 795 ipse

278 812 376 850 dicit
396 812 440 849 in
456 812 719 861 Expositione
734 814 843 851 beati
859 814 958 851 Iob:
986 813 1103 850 ‘Ecce
1123 812 1264 861 lingua
1288 812 1528 859 Brsttaniae,

280 890 382 926 quae
402 878 461 915 nil
481 878 590 916 aliud
615 881 787 917 nouerat
816 892 938 928 quam
966 878 1182 915 barbarum
1198 877 1209 895 ²
1230 877 1427 923 frendere,
1451 877 1533 915 iam

279 943 436 980 dudum
466 943 510 980 in
548 943 701 981 diuinis
739 944 928 981 laudibus
963 943 1175 981 Hebreum
1207 942 1338 991 coepit
1372 941 1536 979 alleluia

278 1021 466 1045 resonare
480 1010 503 1047 ³²³.
575 1009 677 1046 Ecce
714 1010 923 1061 quondam
960 1007 1155 1053 tumidus,
1191 1007 1273 1044 iam
1307 1007 1536 1045 substratus

280 1075 517 1111 sanctorum
551 1074 723 1122 pedibus
756 1074 882 1112 seruit
921 1086 1106 1121 oceanus,
1141 1072 1309 1121 eiusque
1346 1072 1536 1110 barbaros

280 1140 428 1186 motus,
472 1152 573 1187 quos
609 1139 762 1176 terreni
799 1139 1004 1187 principes
1043 1139 1230 1175 edomare
1261 1138 1367 1175 ferro
1400 1137 1537 1186 nequi-

280 1206 437 1251 uerant,
460 1204 536 1241 hos
562 1217 634 1252 pro
662 1204 803 1242 diuina
828 1203 1048 1242 formidine
1074 1203 1329 1241 sacerdotum
1350 1215 1418 1240 ora
1439 1202 1536 1240 sim-

280 1268 456 1317 plicibus
492 1269 630 1307 uerbis
671 1269 812 1318 ligant,
857 1271 898 1307 et
932 1268 1003 1318 qui
1041 1271 1221 1306 cateruas
1258 1268 1534 1317 pugnant-ium

280 1333 459 1371 infidelis
484 1347 743 1383 nequaquam
771 1335 982 1380 metueret,
1006 1334 1090 1371 iam
1109 1347 1219 1371 nunc
1240 1333 1372 1371 fidelis
1398 1333 1535 1370 humi-

280 1398 384 1436 lium
411 1399 574 1448 linguas
605 1399 735 1437 timet.
797 1399 901 1447 Quia
928 1398 1040 1436 enim
1066 1398 1265 1447 perceptis
1296 1398 1535 1436 caelestibus

281 1464 430 1510 uerbis,
482 1464 797 1502 clarescentibus
845 1477 1003 1513 quoque
1051 1463 1269 1511 miraculis,
1320 1463 1452 1501 uirtus
1499 1463 1535 1500 ei

282 1529 446 1566 diuinae
493 1529 737 1578 cognitionis
784 1529 1027 1577 infunditur,
1079 1529 1262 1567 eiusdem
1309 1528 1538 1566 diuinitatis

281 1596 431 1631 terrore
469 1595 706 1642 refrenatur,
749 1597 795 1632 ut
836 1608 960 1644 praue
997 1608 1114 1644 agere
1151 1595 1317 1642 metuat,
1360 1607 1405 1632 ac
1442 1593 1538 1631 totis

282 1659 492 1697 desideriis
521 1660 570 1697 ad
600 1660 856 1698 aeternitatis
884 1660 1057 1709 gratiam
1086 1660 1228 1697 uenire
1257 1659 1539 1708 concupiscat.'

283 1724 440 1771 Quibus
464 1725 602 1762 uerbis
630 1726 772 1763 beatus
804 1725 1023 1774 Gregorius
1052 1726 1128 1763 hoc
1158 1738 1318 1774 quoque
1347 1725 1534 1771 declarat,

284 1789 378 1838 quia
406 1792 572 1828 sanctus
600 1790 859 1839 Augustinus
888 1793 929 1828 et
957 1790 1054 1829 socii
1083 1791 1170 1828 eius
1197 1804 1281 1827 non
1313 1790 1399 1828 sola
1428 1802 1538 1838 prae-

282 1855 483 1893 dicatione
513 1856 743 1903 uerborum,
782 1857 851 1894 sed
884 1856 1007 1894 etiam
1040 1856 1273 1893 caelestium
1306 1855 1539 1893 ostensione

282 1919 495 1969 signorum
523 1923 688 1970 gentem
718 1921 953 1971 Anglorum
983 1922 1034 1959 ad
1068 1921 1321 1970 agnitionem
1352 1920 1539 1958 ueritatis

281 1986 567 2034 perducebant.

338 2050 450 2088 Fecit
470 2051 579 2089 inter
602 2051 681 2089 alia
706 2052 847 2090 beatus
867 2053 995 2101 papa4
1017 2051 1247 2101 Gregorius,
1278 2053 1325 2089 ut
1353 2051 1398 2089 in
1420 2050 1539 2089 eccle-

282 2115 354 2154 siis
402 2119 635 2154 sanctorum
678 2117 956 2166 apostolorum
998 2117 1113 2154 Petri
1160 2118 1200 2154 et
1249 2117 1371 2154 Pauli
1419 2129 1540 2165 super

283 2194 450 2230 corpora
479 2195 621 2219 eorum
649 2183 797 2220 missae
826 2183 1133 2220 celebrarentur.
1195 2182 1273 2220 Sed
1305 2184 1345 2220 et
1378 2182 1421 2219 in
1452 2182 1539 2231 ipsa

283 2246 502 2284 missarum
522 2247 794 2285 celebratione
813 2248 891 2285 tria
910 2248 1033 2285 uerba
1052 2247 1256 2285 maximae
1275 2247 1538 2297 perfectionis

283 2312 404 2360 plena
450 2312 744 2361 superadiecit:
797 2313 998 2362 ‘Diesque
1044 2314 1206 2350 nostros
1253 2313 1297 2350 in
1334 2314 1406 2350 tua
1441 2325 1538 2361 pace

284 2377 485 2425 disponas,
510 2380 631 2426 atque
650 2378 700 2415 ab
720 2380 886 2416 aeterna
905 2378 1168 2416 danmatione
1188 2391 1263 2416 nos
1284 2378 1397 2427 eripi,
1422 2379 1462 2415 et
1490 2377 1534 2415 in

284 2443 508 2480 electorum
527 2445 695 2480 tuorum
714 2443 853 2481 iubeas
872 2456 991 2493 grege
1011 2444 1218 2481 numerari
1234 2445 1272 2482 ⁵.'

329 2540 338 2557 ¹
364 2541 407 2570 de
423 2551 479 2571 om.
497 2539 549 2571 N&
571 2539 620 2572 0¹.
694 2540 708 2560 2
732 2542 881 2572 barbara
897 2541 932 2572 C.
1016 2542 1027 2558 ³
1050 2551 1173 2572 sonare
1192 2542 1238 2573 M.
1340 2541 1350 2558 ⁴
1370 2544 1538 2572 obliterated

285 2595 320 2622 in
336 2592 375 2623 B.
392 2603 408 2622 v
434 2602 466 2631 p.
486 2602 535 2631 73.
625 2592 636 2609 ⁵
660 2602 721 2632 per
736 2595 822 2633 xpm
838 2593 923 2623 dsun
940 2595 1021 2623 nrm
1038 2596 1100 2623 add
1117 2593 1153 2624 C.

1556 822 1725 850 Lib.xxvii.

1557 871 1582 891 C.
1602 872 1640 890 11.
1732 871 1735 874 ’
