1803 2887
68 286 117 313 He
133 287 211 313 fixes
220 286 272 314 his

70 325 126 352 See
143 328 177 352 at

69 364 194 392 Lindis-

67 401 168 431 farne.

68 1853 146 1879 lona
163 1852 219 1879 the

69 1892 152 1919 head
167 1892 203 1919 of

67 1940 242 1959 numerous

69 1979 194 1998 monas-

66 2011 172 2039 feries.

298 166 378 205 132
652 165 701 205 H
704 165 826 207 istorz'
829 180 857 206 α
888 165 1192 208 Ecclesiastica
1386 172 1470 213 [Lm.
1490 176 1550 206 ΙΙΙ.

352 280 549 318 Uenienti
570 281 695 330 igitur
721 282 769 319 ad
791 295 833 319 se
860 282 1058 331 episcopo,
1083 296 1153 320 rex
1180 282 1316 319 locum
1341 281 1448 319 sedis
1475 281 1554 330 epi-

299 345 471 393 scopalis
506 346 549 383 in
588 346 724 384 insula
762 347 1102 393 Lffldisfarnensi,
1139 347 1209 384 ubi
1248 347 1334 396 ipse
1375 347 1549 396 petebat,

297 410 453 449 tribuit.
515 412 592 459 Qui
632 411 823 449 uidelicet
862 413 973 450 locus
1007 413 1222 450 accedente
1260 426 1303 450 ac
1343 413 1556 450 recedente

296 479 491 524 reumate,
516 477 579 515 bis
607 478 754 515 cotidie
777 478 907 516 instar
935 478 1093 515 insulae
1118 478 1243 515 maris
1270 478 1555 515 circumluitur

297 541 430 589 undis,
460 542 524 580 bis
547 543 745 580 renudato
775 544 912 581 littore
939 543 1156 592 contiguus
1185 546 1315 581 terrae
1342 543 1554 590 redditur;

296 608 419 655 atque
458 608 545 645 eius
578 609 929 647 admonitionibus
968 609 1181 646 humiliter
1218 622 1262 646 ac
1302 609 1479 646 libenter
1510 608 1555 646 in

299 672 492 710 omnibus
525 675 770 722 auscultans,
809 674 1020 712 ecclesiam
1056 674 1206 712 Christi
1246 674 1290 711 in
1324 687 1449 723 regno
1483 687 1556 711 suo

299 738 482 775 multum
504 739 723 788 diligenter
746 740 956 777 aedificare
982 752 1025 776 ac
1051 739 1220 776 dilatare
1241 739 1409 777 curauit.
1471 739 1555 777 Ubi

298 803 574 851 pulcherrimo
597 818 713 854 saepe
730 805 959 854 spectaculo
979 804 1161 853 contigit,
1183 807 1227 842 ut
1249 805 1555 854 euangelizante

298 869 496 916 antistite,
523 870 593 918 qui
613 871 847 920 Anglorum
863 870 1049 919 linguam
1069 870 1247 918 perfecte
1264 883 1347 907 non
1369 872 1551 917 nouerat,

298 934 386 982 ipse
426 948 497 972 rex
535 936 621 974 suis
659 937 830 974 ducibus
872 949 916 973 ac
958 935 1163 972 ministris
1202 936 1403 984 interpres
1441 936 1556 973 uerbi

299 1000 490 1038 existeret
515 1001 700 1039 caelestis
719 1016 726 1048 ;
757 1002 851 1050 quia
864 1000 875 1018 ¹
892 1000 1092 1038 nimirum
1113 1003 1198 1037 tam
1215 1001 1337 1049 longo
1358 1001 1471 1039 exilii
1492 1001 1556 1039 sui

297 1067 479 1114 tempore
499 1066 684 1115 linguam
703 1068 936 1104 Scottorum
958 1066 1039 1102 iam
1056 1065 1175 1114 plene
1196 1066 1398 1104 didicerat.
1445 1066 1555 1104 Exin

299 1144 463 1179 coepere
493 1132 631 1181 plures
654 1145 727 1180 per
756 1132 843 1169 dies
873 1132 923 1169 de
955 1131 1189 1169 Scottorum
1219 1131 1383 1180 regione
1413 1132 1554 1170 uenire

298 1196 548 1234 Brittaniam
586 1199 708 1246 atque
747 1197 831 1234 illis
863 1195 1096 1244 Anglorum
1134 1197 1367 1244 prouinciis,
1407 1197 1556 1246 quibus

298 1262 485 1310 regnauit
507 1262 660 1299 Osuald
677 1261 700 1309 ²,
725 1275 873 1311 magna
895 1261 1113 1299 deuotione
1137 1262 1310 1300 uerbum
1331 1263 1426 1300 fidei
1448 1276 1557 1311 prae-

299 1327 431 1364 dicare
471 1330 511 1365 et
553 1328 812 1365 credentibus
849 1327 1022 1377 gratiam
1060 1327 1264 1375 baptismi,
1307 1329 1557 1378 quicumque

299 1393 535 1431 sacerdotali
555 1397 669 1432 erant
687 1395 813 1443 gradu
829 1393 1013 1442 praediti,
1034 1392 1276 1431 ministrare.
1338 1395 1555 1432 Construe-

298 1458 447 1496 bantur
473 1472 569 1508 ergo
593 1459 784 1497 ecclesiae
810 1473 881 1508 per
905 1459 1003 1505 loca,
1033 1458 1294 1497 confluebant
1319 1460 1369 1497 ad
1394 1460 1556 1497 audien-

300 1524 399 1560 dum
435 1525 607 1562 uerbum
639 1525 781 1574 populi
818 1525 1052 1573 gaudentes,
1093 1524 1351 1562 donabantur
1383 1538 1555 1562 munere

297 1589 407 1637 regio
427 1590 702 1638 possessiones
723 1593 761 1628 et
788 1589 991 1627 territoria
1017 1588 1067 1626 ad
1092 1589 1347 1627 instituenda
1398 1603 1555 1628 monas-

298 1654 408 1698 teria,
434 1655 716 1693 inbuebantur
744 1657 1071 1704 praeceptoribus
1101 1656 1251 1695 Scottis
1279 1656 1442 1704 paruuli
1472 1657 1556 1693 An-

297 1719 459 1767 glorum
494 1734 576 1758 una
619 1734 712 1758 cum
747 1721 968 1759 maioribus
1007 1722 1156 1760 studiis
1194 1723 1234 1759 et
1271 1721 1554 1759 obseruatione

297 1785 536 1834 disciplinae
557 1786 760 1835 regularis.

352 1850 459 1888 Nam
484 1852 675 1889 monachi
701 1855 816 1889 erant
844 1852 1033 1899 maxime,
1065 1852 1133 1901 qui
1163 1853 1213 1890 ad
1237 1852 1555 1901 praedicandum

297 1919 507 1955 uenerant.
561 1917 785 1955 Monachus
804 1917 891 1966 ipse
907 1919 1117 1966 episcopus
1136 1919 1281 1955 Aedan
1295 1918 1318 1965 4,
1339 1920 1482 1966 utpote
1506 1918 1556 1955 de

297 1981 443 2029 insula,
465 1996 567 2031 quae
583 1984 753 2020 uocatur
768 1983 853 2030 Hii,
871 1983 1108 2030 destinatus,
1130 1983 1244 2020 cuius
1257 1983 1555 2020 monasterium

297 2047 341 2083 in
355 2047 512 2085 cunctis
524 2061 629 2097 pene
644 2049 1029 2096 septentrionalium
1047 2049 1290 2096 Scottorum,
1310 2051 1350 2086 et
1366 2048 1555 2086 omnium

296 2112 508 2150 Pictorum
536 2113 798 2151 monasteriis
822 2128 906 2151 non
935 2127 1061 2162 paruo
1085 2117 1269 2162 tempore
1293 2127 1426 2151 arcem
1446 2115 1556 2151 tene-

296 2178 374 2220 bat,
410 2179 680 2227 regendisque
710 2192 851 2216 eorum
882 2179 1044 2228 populis
1072 2181 1283 2228 praeerat;
1313 2192 1414 2228 quae
1443 2179 1555 2217 uide-

296 2243 391 2280 licet
417 2244 579 2281 insula⁵
607 2244 657 2281 ad
691 2244 755 2282 ius
789 2245 955 2293 quidem
986 2245 1214 2282 Brittaniae
1245 2244 1434 2293 pertinet,
1469 2257 1553 2281 non

297 2321 446 2357 magno
472 2309 522 2346 ab
552 2322 597 2346 ea
625 2309 728 2347 freto
763 2310 945 2358 discreta,
976 2311 1044 2348 sed
1073 2310 1295 2348 donatione
1323 2310 1547 2357 Pictorum,

299 2373 368 2421 qui
394 2373 486 2411 illas
513 2374 740 2412 Brittaniae
763 2375 903 2424 plagas
930 2375 1126 2421 incolunt,
1151 2375 1395 2412 iamdudum
1416 2387 1552 2412 mona-

338 2528 347 2544 1
373 2530 433 2568 qui
452 2529 492 2559 N.
576 2528 587 2545 ²
610 2540 669 2559 rex
687 2529 817 2560 Osuald
835 2529 873 2560 B.
892 2528 939 2560 C‘2.
1017 2529 1028 2546 ³
1052 2530 1261 2560 instruenda
1279 2530 1320 2560 N.
1408 2530 1418 2546 4
1443 2529 1550 2559 aidan

295 2581 330 2612 C.
348 2581 398 2612 Β).
487 2581 498 2598 ⁵
522 2581 639 2611 insula
655 2592 712 2613 om.
730 2580 786 2613 M1.
