1803 2887
69 984 89 1011 f.
108 991 140 1018 ²5
154 984 183 1011 b.

68 1221 109 1249 ib.
127 1221 144 1257 ξ
163 1231 202 1249 ιω.

68 1737 110 1766 ib.
128 1737 144 1775 ξ
165 1747 202 1773 ¹3·

68 2277 89 2304 f.
108 2277 143 2304 26
157 2285 186 2304 a.

664 169 840 209 auctore
872 165 1123 220 Anonymo.
1438 162 1522 203 393

315 292 367 326 14.
394 282 504 318 Porro
530 281 570 316 in
592 280 830 321 monasterio,
859 279 918 315 cui
944 278 1153 314 Ceolfridus
1177 279 1364 322 praeerat,
1391 287 1520 310 omnes

265 340 330 385 qui
363 341 500 387 legere,
536 340 599 375 uel
632 338 860 384 praedicare,
894 337 955 372 uel
988 336 1178 371 antifonas
1211 347 1254 370 ac
1288 334 1519 379 responsoria

263 399 389 434 dicere
422 400 582 443 possent,
615 396 734 432 ablati
768 398 863 437 sunt,
900 398 1059 440 excepto
1089 394 1171 439 ipso
1205 394 1341 428 abbate
1377 394 1415 427 et
1446 403 1520 426 uno

263 457 430 502 puerulo,
460 456 524 500 qui
550 456 596 490 ab
622 455 702 500 ipso
728 455 894 490 nutritus
924 456 962 489 et
988 453 1165 494 eruditus,
1199 463 1300 486 nunc
1330 462 1447 494 usque
1483 449 1522 483 in

264 516 396 550 eodem
430 514 659 549 monasterio
688 512 914 559 presbyterii
947 513 1106 558 gradum
1135 514 1279 550 tenens,
1307 509 1387 544 iure
1417 511 1522 543 actus

263 573 342 609 eius
372 572 583 608 laudabiles
609 571 780 608 cunctis1
813 571 907 606 scire
934 570 1151 606 uolentibus
1185 571 1223 604 et
1249 568 1387 613 scripto
1422 578 1522 602 com-

261 632 428 673 mendat,
448 634 486 666 et
505 632 599 666 fatu.
639 631 710 674 Qui
728 629 908 665 uidelicet
924 629 1048 669 abbas,
1063 628 1232 673 praefate
1247 626 1371 672 gratia
1385 626 1521 671 plagae

262 690 423 724 multum
441 690 570 731 tristis,
588 689 782 734 praecepit
800 691 852 729 ut,
872 687 1082 723 intermisso
1097 686 1174 721 ritu
1188 685 1305 731 priori
1317 684 1339 726 ²,
1360 684 1523 729 psalmo-

260 748 362 783 diam
384 751 516 791 totam,
534 751 689 793 praeter
706 760 861 792 uespere
888 750 927 782 et
952 745 1150 781 matutinis
1163 744 1186 788 3,
1205 745 1283 780 sine
1306 742 1523 788 antiphonis

260 806 529 852 transigerent.
592 806 696 849 Quod
738 818 823 841 cum
861 805 972 840 unius
1008 803 1224 840 ebdomadis
1265 802 1386 848 spatio
1422 802 1522 837 inter

262 865 399 900 multas
418 865 497 900 eius
515 865 687 899 lacrimas
706 866 743 900 et
761 864 1015 908 querimonias
1033 866 1128 899 esset
1147 862 1358 901 actitatum,
1379 860 1521 895 diutius

262 924 332 958 hoc
349 923 427 958 fieri
441 935 515 958 non
527 924 660 963 ferens,
675 935 799 957 rursus
813 922 957 965 statuit,
971 924 1013 956 ut
1027 921 1266 957 antifonatae
1279 919 1521 965 psalmodiae,

263 981 370 1016 iuxta
394 994 546 1024 morem,
573 994 700 1016 cursus
729 981 1036 1023 instauralretur.
1064 979 1286 1023 cunctisque
1316 976 1521 1013 adnitenti-

262 1041 342 1082 bus,
368 1052 437 1085 per
462 1052 498 1075 se
525 1043 564 1075 et
591 1052 701 1084 quem
728 1040 901 1085 praedixi
928 1051 1098 1084 puerum,
1126 1050 1196 1082 que
1223 1039 1420 1077 statuerat,
1448 1048 1524 1070 non

260 1110 378 1143 paruo
413 1111 498 1133 cum
532 1099 657 1133 labore
694 1099 920 1144 complebat,
948 1099 1066 1133 donec
1097 1097 1215 1132 socios
1248 1095 1370 1140 operis
1403 1093 1525 1129 diuini

262 1157 486 1192 sufficientes
504 1158 566 1193 uel
584 1157 747 1192 nutriret
765 1158 857 1202 ipse,
876 1157 937 1192 uel
956 1156 1108 1192 aliunde
1128 1155 1335 1200 colligeret.

311 1224 362 1261 15.
389 1216 437 1250 At
463 1216 526 1250 ubi
551 1216 778 1251 Benedictus
797 1228 818 1251 a
841 1216 959 1251 Roma
983 1214 1145 1260 patriam
1167 1213 1366 1259 peregrina
1390 1224 1522 1254 merce,

262 1276 305 1308 ut
317 1285 473 1319 semper,
490 1277 646 1309 onustus
656 1274 823 1315 aduenit,
837 1276 978 1310 mestus
990 1273 1143 1318 quidem
1161 1275 1217 1308 est
1229 1272 1242 1290 4
1260 1273 1306 1307 de
1325 1271 1429 1306 clade
1450 1282 1521 1314 que

261 1332 459 1370 acciderat,
479 1333 541 1367 sed
559 1333 711 1377 gauisus
729 1333 818 1367 satis
843 1332 931 1377 quia
952 1332 1146 1378 SigfricluS‚
1166 1331 1243 1367 Deo
1261 1330 1435 1365 amabilis
1453 1329 1521 1371 uir,

261 1402 327 1435 pro
340 1390 563 1426 Eosterwini
581 1392 695 1426 abbas
714 1394 810 1427 esset
825 1391 969 1426 electus
985 1404 993 1435 ;
1021 1390 1263 1436 precepitque
1276 1388 1301 1433 ⁵,
1316 1392 1358 1423 ut
1373 1400 1522 1433 suscep-

260 1452 341 1484 tam
375 1449 595 1484 monasterii
637 1461 763 1485 curam
802 1452 951 1485 strenue
984 1452 1147 1495 gereret,
1182 1448 1263 1493 ipso
1301 1459 1448 1492 quoque
1482 1447 1523 1481 in

262 1508 436 1543 doctrina
470 1511 508 1543 et
542 1509 774 1544 orationibus
804 1508 974 1544 iuuante.
1024 1508 1165 1543 Uerum
1191 1518 1266 1541 non
1293 1506 1414 1541 multo
1440 1508 1524 1551 post

262 1569 421 1611 uterque
456 1567 591 1603 incidit
625 1567 664 1602 in
697 1567 970 1610 infirmitatem,
998 1568 1035 1602 et
1065 1568 1254 1601 crescente
1280 1576 1349 1609 per
1374 1567 1524 1609 tempus

262 1625 448 1667 molestia,
466 1626 507 1660 in
524 1626 665 1661 lectum
684 1626 794 1661 ambo
813 1628 1043 1666 sternuntur,
1063 1624 1119 1660 ita
1136 1626 1178 1659 ut
1197 1636 1242 1659 ne
1257 1624 1304 1659 ad
1319 1623 1523 1659 sedendum

263 1681 416 1726 quidem
435 1694 635 1727 exsurgere
647 1681 659 1700 ⁵
676 1684 840 1726 possent.

314 1741 366 1775 16.
394 1740 501 1776 Unde
520 1739 617 1775 inito
636 1752 721 1775 cum
741 1739 917 1775 fratribus
936 1739 1103 1783 consilio,
1124 1738 1353 1774 Benedictus
1370 1738 1523 1773 uocauit

262 1798 504 1843 Ceolfridum,
539 1811 699 1843 eumque
733 1799 930 1843 utriusque
966 1798 1186 1833 monasterii
1223 1798 1400 1833 abbatem
1433 1809 1523 1832 con-

261 1857 398 1897 stituit,
418 1857 654 1902 praecipiens
675 1860 717 1892 ut
744 1870 861 1891 unum
884 1869 953 1902 per
971 1857 1097 1892 omnia
1118 1859 1215 1892 esset
1238 1855 1520 1897 monasterium,

261 1915 414 1950 tametsi
454 1916 599 1950 duobus
640 1916 679 1950 in
721 1916 813 1951 locis
852 1915 1027 1960 positum,
1070 1926 1145 1949 uno
1185 1926 1331 1959 semper
1369 1913 1522 1949 abbati⁷

261 1973 526 2019 gubernatum,
548 1975 681 2009 eodem
698 1974 892 2020 priuilegii
915 1973 1124 2009 munimine
1142 1975 1334 2014 tutatum;
1362 1976 1401 2008 et
1425 1973 1523 2008 siout

262 2032 640 2078 eiusdempriuilegii,
654 2034 753 2078 quod
768 2034 814 2068 ab
823 2033 1020 2078 Agathone
1035 2044 1136 2076 papa
1150 2034 1373 2076 susceperat,
1384 2031 1524 2076 scripta

262 2091 468 2131 continent,
488 2091 599 2125 simul
618 2093 657 2126 et
677 2092 807 2137 regula
824 2091 945 2126 sancti
963 2090 1082 2135 patris
1101 2089 1311 2132 Benedicti,
1330 2102 1524 2134 nunquam

261 2149 401 2184 abbas⁸
428 2150 551 2185 eidem
582 2150 809 2186 monasterio
835 2149 943 2184 iuxta
969 2149 1243 2185 successionem
1271 2148 1430 2194 generis,
1462 2149 1525 2184 sed

261 2208 369 2243 iuxta
407 2208 510 2243 uitae
544 2209 696 2243 modum
731 2211 768 2244 et
802 2208 994 2243 doctrinae
1030 2209 1251 2252 quereretur
1285 2207 1522 2250 industriam,

264 2266 491 2309 secun'dum
524 2267 622 2310 quod
653 2266 733 2311 ipse
761 2266 803 2300 in
830 2265 1024 2311 praesenti
1058 2265 1289 2301 Ceolfridum
1323 2267 1520 2305 statuerat,

264 2325 328 2369 qui
340 2324 458 2370 magis
470 2324 541 2359 sibi
553 2324 715 2370 spiritali
728 2337 841 2370 quam
856 2324 997 2360 carnali
1012 2325 1092 2360 erat
1107 2323 1332 2369 cognatione
1347 2335 1522 2367 conexus,

306 2429 316 2447 ¹
340 2432 486 2461 cunctos
503 2430 531 2460 δ.
619 2429 631 2446 ²
653 2431 859 2461 intermisso
874 2431 948 2461 ritu
972 2430 1083 2469 priori
1106 2440 1166 2461 om.
1196 2431 1221 2470 δ,
1249 2432 1450 2468 substitutiny
1476 2430 1522 2461 ad

263 2491 387 2513 omnes
402 2482 507 2512 horas
523 2481 709 2521 regulares.
800 2481 812 2499 ³
836 2491 1021 2521 uesperam
1039 2483 1073 2512 et
1089 2482 1289 2513 matutinas
1305 2483 1332 2512 δ,
1434 2481 1446 2498 ‘²
1468 2484 1521 2512 est

262 2544 320 2564 om.
336 2534 363 2565 δ.
487 2532 499 2550 ⁵
522 2543 589 2573 que
605 2544 666 2566 om.
683 2535 711 2565 δ.
871 2532 884 2551 ⁶
907 2541 1074 2573 exurgere
1101 2533 1148 2565 H.
1313 2531 1325 2550 ⁷
1348 2533 1474 2564 abbate
1492 2534 1521 2566 δ.

261 2584 273 2601 ⁸
295 2586 460 2616 abbatem
477 2585 506 2617 δ.

1546 277 1710 304 Anecdote

1543 317 1579 344 of
1588 317 1645 344 the

1544 356 1662 390 plague
1677 358 1709 382 at

1545 395 1681 423 Jarrow.

1548 1218 1705 1246 Benedict

1547 1260 1690 1285 returns.

1548 1298 1699 1325 Sickness
1714 1299 1749 1323 ot

1548 1337 1619 1364 him
1634 1337 1698 1364 and

1549 1376 1681 1412 Sigfrid.

1547 1747 1689 1775 Ceolfrid

1548 1787 1643 1814 made
1654 1788 1750 1814 ablmt

1547 1827 1583 1853 of
1594 1827 1673 1854 both

1546 1874 1674 1894 monas-

1544 1905 1654 1941 teries,
1667 1906 1742 1938 Ma)v

1550 1955 1588 1980 13.
