1803 2887
53 995 198 1030 Baptism
213 997 249 1022 os

52 1035 164 1062 Peada.

281 156 362 195 170
634 157 683 197 H
684 157 841 199 istoria
870 158 1176 200 Ecclesiastica
1369 165 1455 207 [Lm.
1473 169 1532 200 ΙΙΙ.

278 269 365 307 91115
394 270 680 309 Alchfledam¹
711 272 789 309 sibi
820 274 1035 323 coniugem
1067 273 1163 312 dari.
1226 274 1367 322 Neque
1401 274 1529 322 aliter,

279 335 385 383 quod
419 337 593 384 petebat,
625 328 831 386 inpetrare
860 339 1004 388 potuit,
1038 339 1120 377 nisi
1148 339 1273 376 fidem
1303 339 1457 377 Christi
1488 352 1532 376 ac

278 400 482 448 baptisma
508 414 601 439 cum
630 404 762 451 gente,
787 404 851 441 9111
872 406 1067 453 praeerat,
1092 404 1289 453 acciperet
1302 405 1323 441 ².
1384 405 1443 441 At
1462 403 1534 440 ille

277 467 416 504 audita
454 469 753 517 praedicatione
801 471 997 519 ueritatis,
1034 473 1074 509 et
1112 470 1382 520 promissione
1420 469 1535 519 regni

278 533 471 580 caelestis,
510 547 661 584 speque
691 536 1000 574 resurrectionis
1039 549 1084 573 ac
1118 536 1279 574 futurae
1313 534 1534 572 inmortali-

279 599 386 646 tatis,
411 599 588 637 libenter
609 613 651 638 se
672 601 953 639 Christianum
981 601 1070 639 fieri
1092 601 1200 639 uelle
1227 601 1435 638 confessus
1459 602 1530 648 est,

279 663 442 701 etiamsi
463 664 669 714 uirginem
689 679 772 704 11011
793 667 991 715 acciperet
1012 681 1020 714 3
1050 680 1266 715 persuasus
1287 665 1465 703 maxime
1484 665 1534 702 ad

278 729 583 778 percipiendam
610 731 735 769 fidem
764 745 787 770 a
816 732 901 769 filio
927 732 1034 782 regis
1062 731 1202 780 Osuiu,
1227 731 1395 769 nomine
1415 730 1537 768 Alch-

279 793 385 832 frido
401 797 416 842 ²,
436 795 507 844 qui
521 798 606 834 erat
620 799 816 846 cognatus
831 800 870 835 et
886 798 1042 835 amicus
1063 797 1162 845 91115,
1182 797 1338 834 habens
1354 808 1534 834 sororem

278 859 407 907 ipsius
421 861 646 911 coniugem,
664 863 862 900 uocabulo
877 863 1157 913 Cyniburgam
1166 863 1189 910 4,
1207 861 1336 900 filiam
1345 860 1536 899 Pendan⁵

279 925 395 974 regis.

334 991 572 1040 Baptizatus
592 995 652 1030 est
673 1006 766 1042 ergo
787 1007 809 1031 a
830 994 987 1031 Finano
1008 993 1194 1042 episcopo
1215 1006 1309 1030 cum
1329 992 1533 1041 omnibus,

280 1055 350 1104 qui
371 1069 509 1094 secum
530 1060 739 1106 uenerant,
765 1059 984 1096 comitibus
1004 1072 1048 1097 ac
1072 1058 1288 1106 militibus,
1313 1069 1536 1105 eorumque

280 1121 447 1160 famulis
468 1122 672 1160 uniuersis
688 1124 733 1160 in
754 1123 845 1161 uico
866 1124 971 1174 regis
991 1124 1168 1171 inlustri,
1190 1124 1261 1173 qui
1281 1124 1448 1161 uocatur
1467 1121 1534 1160 Ad

280 1187 458 1226 Murum.
497 1188 551 1226 Et
566 1189 740 1237 acceptis
761 1189 858 1227 IIII
878 1189 1136 1238 presbyteris,
1154 1189 1224 1238 qui
1239 1189 1289 1226 ad
1311 1188 1536 1226 docendam

280 1252 648 1302 baptizandamque
686 1257 853 1304 gentem
891 1255 1004 1292 illius
1038 1256 1078 1292 et
1109 1253 1339 1292 eruditione
1378 1255 1418 1291 et
1452 1253 1538 1291 uita

281 1318 531 1356 uidebantur
564 1319 711 1367 idonei,
754 1320 888 1358 multo
923 1333 1016 1358 cum
1055 1319 1202 1369 gaudio
1233 1332 1422 1356 reuersus
1460 1320 1532 1357 est.

281 1384 409 1421 Erant
439 1387 577 1422 autem
606 1386 844 1435 presbyteri,
870 1386 1016 1434 Cedd⁶,
1042 1389 1083 1423 et
1112 1385 1242 1433 Adda,
1277 1387 1317 1423 et
1345 1385 1469 1433 Betti,
1494 1386 1535 1422 et

282 1450 442 1497 Diuma,
468 1464 644 1499 quorum
674 1452 849 1490 ultimus
878 1451 1045 1489 natione
1076 1451 1250 1498 Scottus,
1276 1450 1399 1488 ceteri
1424 1450 1538 1488 fuere

282 1515 330 1552 de
357 1515 517 1564 Anglis.
577 1517 698 1554 Adda
726 1519 865 1556 autem
895 1519 981 1555 erat
1002 1517 1125 1555 frater
1154 1517 1286 1554 Uttan
1311 1515 1539 1565 presbyteri

284 1589 286 1627 ᾗ
310 1581 509 1629 inlustris,
553 1583 592 1619 et
630 1582 788 1621 abbatis
827 1583 1075 1630 monasterii,
1118 1582 1226 1631 quod
1264 1583 1434 1619 uocatur
1470 1580 1538 1619 Ad

281 1647 432 1696 Caprae
471 1648 612 1696 Caput,
652 1648 766 1685 9111115
803 1661 925 1697 supra
962 1647 1242 1686 meminimus.
1312 1647 1540 1685 Uenientes

280 1726 374 1761 ergo
394 1712 439 1750 in
460 1713 718 1762 prouinciam
738 1714 959 1751 memorati
978 1714 1207 1752 sacerdotes
1223 1727 1317 1751 cum
1337 1712 1533 1762 principe,

280 1779 567 1827 praedicabant
588 1779 772 1827 uerbum,
794 1782 833 1817 et
853 1779 1031 1817 libenter
1050 1779 1179 1817 auditi
1201 1780 1308 1827 sunt,
1333 1778 1538 1827 multique

282 1844 441 1891 cotidie,
485 1846 525 1882 et
562 1845 776 1893 nobilium,
820 1847 860 1882 et
907 1845 1171 1883 infirmorum
1184 1845 1208 1891 ⁷,
1251 1843 1540 1882 abrenuntiata

281 1911 398 1948 sorde
427 1911 648 1958 idolatriae,
682 1911 779 1949 fidei
808 1912 906 1949 sunt
934 1911 1048 1948 fonte
1077 1911 1220 1949 abluti.

336 1976 420 2013 Nec
450 1976 662 2025 prohibuit
693 1977 833 2014 Penda
863 1990 945 2024 rex,
979 1977 1081 2026 quin
1112 1976 1235 2014 etiam
1267 1976 1312 2013 in
1346 1989 1428 2024 sua,
1464 1975 1539 2013 hoc

282 2044 344 2080 est
374 2042 632 2088 Merciorum,
657 2042 823 2080 natione
852 2042 1037 2089 uerbum,
1062 2042 1169 2091 siqui
1198 2042 1356 2079 uellent
1385 2041 1534 2089 audire,

282 2108 592 2156 praedicaretur.
633 2108 742 2156 Quin
762 2108 900 2156 potius
920 2108 1012 2145 odio
1032 2107 1219 2152 habebat,
1238 2109 1279 2145 et
1299 2106 1539 2156 dispiciebat

283 2187 362 2221 eos,
397 2187 499 2223 quos
528 2174 609 2212 fide
639 2174 793 2212 Christi
818 2174 985 2212 inbutos
1009 2187 1129 2222 opera
1153 2173 1249 2211 fidei
1278 2186 1362 2211 non
1391 2173 1539 2210 habere

284 2240 561 2288 deprehendit,
587 2240 726 2277 dicens
746 2240 1069 2277 contemnendos
1090 2252 1178 2277 esse
1206 2252 1273 2277 eos
1293 2241 1332 2276 et
1352 2238 1534 2285 miseros,

285 2306 354 2354 qui
368 2306 453 2343 Deo
470 2319 554 2352 suo,
572 2306 615 2343 in
630 2319 752 2354 quem
767 2306 988 2353 crederent,
1006 2305 1195 2343 oboedire
1211 2305 1534 2342 contemnerent.

285 2372 436 2421 Coepta
455 2374 553 2410 sunt
574 2372 672 2410 haec
692 2371 860 2410 biennio
885 2373 981 2410 ante
1000 2373 1179 2409 mortem
1200 2370 1397 2408 Pendan5
1417 2368 1534 2418 regis.

285 2437 381 2486 Ipso
402 2439 540 2475 autem
562 2438 700 2486 occiso,
727 2451 821 2475 cuin
843 2437 972 2476 Osuiu
995 2450 1066 2474 rex
1087 2436 1346 2475 Christianus
1366 2448 1540 2484 regnum

328 2533 337 2549 ¹
361 2534 552 2564 alhfledam
571 2534 608 2565 C.
696 2534 708 2552 2
732 2534 905 2573 acceperit
921 2533 968 2564 M.
1057 2532 1068 2549 ³
1091 2532 1247 2563 alhfrido
1265 2532 1302 2563 C.
1412 2531 1421 2549 ¹
1447 2541 1541 2571 cym-

285 2587 430 2627 burgam
448 2588 491 2618 N.
552 2586 563 2603 ⁵
579 2587 734 2626 pendam
752 2586 792 2617 N.
860 2584 871 2602 ⁶
895 2585 957 2616 ced
975 2585 1011 2617 C.
1077 2584 1088 2602 ⁷
1114 2585 1317 2615 infimorum
1336 2585 1396 2623 Hl.
1413 2585 1463 2623 Rp
1479 2584 1543 2623 015.

1562 1589 1583 1617 f.
1599 1598 1634 1625 59
1650 1589 1679 1616 b.
