1803 2887
98 962 153 989 His
169 962 260 990 char—

93 1004 189 1029 aeter.

321 182 405 223 210
676 182 882 224 Historia
912 182 1218 226 Ecclesiccsticct,
1410 192 1499 234 [Lm.
1516 195 1573 226 1V.

322 297 488 346 quidem
522 297 589 344 ita,
626 299 672 335 ut
704 297 860 335 dictum
890 297 926 335 ei
957 300 1051 346 erat,
1085 312 1205 347 opere
1234 298 1471 348 conpletum
1500 302 1572 339 est.

322 361 429 399 Nam
454 362 672 399 confestim
696 362 861 412 langore
882 363 1060 412 corporis
1085 365 1218 401 tactus
1243 366 1313 411 est,
1340 366 1379 401 et
1405 365 1480 402 hoc
1506 379 1578 414 per

321 428 407 465 dies
437 428 756 477 ingrauescente,
788 428 972 477 septimo,
1004 430 1051 466 ut
1084 429 1335 478 promissum
1362 430 1398 467 ei
1428 430 1573 479 fuerat,

321 493 396 541 die,
424 495 640 542 postquam
671 493 830 531 obitum
859 507 981 531 suum
1010 494 1206 531 dominici
1230 495 1408 543 corporis
1431 497 1471 533 et
1492 509 1578 533 san-

319 558 456 607 guinis
488 559 748 608 perceptione
779 560 973 607 muniuit,
1009 560 1142 597 soluta
1179 559 1228 596 ab
1259 561 1463 609 ergastulo
1496 574 1577 598 cor-

319 624 429 673 poris
460 624 598 662 anima
627 627 775 673 sancta,
811 625 1066 673 ducentibus,
1102 627 1149 662 ut
1178 625 1285 662 credi
1313 625 1374 663 fas
1407 628 1478 674 est,
1511 639 1577 664 an·

321 689 423 738 gelis
453 690 672 728 comitibus
701 692 866 728 aeterna
896 691 1044 740 gaudia
1070 690 1228 739 petiuit.
1290 691 1384 727 Non
1413 690 1577 729 autem¹

321 755 486 803 mirum,
504 755 538 792 si
558 755 669 793 diem
685 756 833 794 mortis
853 756 919 794 uel
940 756 1077 805 potius
1090 756 1102 774 ²
1124 756 1234 793 (110111
1255 756 1425 793 Domini
1446 757 1576 795 laetus

321 820 490 869 aspexit,
531 834 652 870 quem
696 835 866 870 semper,
903 822 1135 870 usquedum
1166 821 1338 869 ueniret,
1376 822 1577 860 sollicitus

321 888 530 935 expectare
554 886 725 925 curauit.

378 951 565 1001 Namque
581 952 691 990 inter
704 952 821 1001 plura
842 952 1129 999 continentiae,
1152 951 1412 999 humilitatis,
1430 951 1577 989 doctri—

322 1030 408 1064 nae,
434 1017 678 1065 orationum,
709 1015 712 1067 ὶ
739 1017 993 1055 uoluntariae
1006 1017 1267 1066 paupertatiS,
1293 1018 1332 1054 et
1353 1019 1578 1055 ceterarum

322 1083 527 1120 uirtutum
556 1084 712 1130 merita,
740 1083 784 1120 in
814 1085 978 1120 tantum
1008 1085 1092 1121 erat
1122 1082 1262 1120 timori
1291 1082 1461 1120 Domini
1490 1082 1580 1120 sub-

322 1149 442 1195 ditus,
479 1148 522 1185 in
554 1150 719 1186 tantum
749 1148 1072 1186 nouissilnorum
1107 1161 1275 1185 suorum
1307 1148 1351 1184 in
1386 1148 1580 1185 omnibus

322 1213 512 1262 operibus
542 1214 626 1251 suis
653 1227 822 1261 memor,
846 1216 903 1261 ut,
929 1213 1033 1251 sicut
1059 1213 1163 1251 mihi
1189 1213 1313 1250 frater
1334 1213 1502 1262 quidam
1530 1214 1580 1251 de

322 1279 397 1327 his,
423 1279 493 1328 qui
519 1293 585 1316 me
605 1279 649 1316 in
670 1279 880 1328 scripturis
904 1279 1143 1316 erudiebant
1156 1279 1178 1327 ³,
1205 1280 1245 1316 et
1274 1280 1360 1316 erat
1380 1278 1424 1315 in
1444 1292 1581 1316 mona-

322 1345 444 1382 sterio
475 1358 518 1382 ac
557 1344 790 1393 magisterio
824 1344 938 1382 illius
970 1345 1173 1391 educatus,
1211 1344 1408 1381 uocabulo
1439 1344 1581 1381 Trum-

322 1411 435 1448 berct
450 1412 472 1457 ⁴,
512 1410 660 1448 referre
692 1410 857 1458 solebat,
893 1410 927 1447 si
959 1410 1063 1447 forte
1094 1409 1255 1458 legente
1289 1422 1335 1446 eo
1367 1409 1434 1447 uel
1468 1409 1578 1447 aliud

323 1476 421 1525 quid
451 1477 606 1525 agente,
645 1477 812 1524 repente
844 1476 967 1513 flatus
1001 1475 1116 1513 uenti
1145 1474 1275 1512 maior
1303 1474 1538 1524 adsurgeret
1551 1475 1574 1523 ⁵,

324 1541 520 1580 continuo
565 1541 886 1579 misericordiam
930 1541 1100 1579 Domini
1137 1541 1357 1588 inuocaret,
1402 1542 1442 1578 et
1488 1553 1578 1577 eam

322 1607 462 1657 generi
481 1608 663 1644 humano
680 1606 890 1655 propitiari
910 1608 1077 1655 rogaret.
1140 1606 1183 1643 Si
1201 1607 1341 1643 autem
1360 1605 1580 1643 uiolentior

323 1687 419 1711 aura
440 1672 656 1720 insisteret,
681 1673 763 1710 iam
784 1672 919 1709 clauso
940 1671 1073 1709 codice
1089 1671 1313 1720 procideret
1327 1672 1338 1690 ⁶
1358 1671 1402 1708 111
1417 1671 1575 1719 faciem,

324 1740 445 1787 atque
480 1738 671 1776 obnixius
702 1737 875 1775 orationi
906 1737 1173 1775 incumberet.
1244 1738 1303 1775 At
1338 1736 1372 1774 si
1401 1737 1580 1786 procella

324 1804 468 1841 fortior
498 1805 568 1842 aut
603 1804 771 1841 nimbus
801 1805 1046 1853 perurgeret,
1084 1802 1152 1841 uel
1183 1802 1309 1840 etiam
1343 1803 1498 1840 corusci
1534 1815 1579 1840 ac

325 1870 507 1907 tonitrua
554 1871 683 1907 terras
721 1871 762 1907 et
799 1882 889 1906 aera
928 1870 1137 1915 terrerent,
1182 1870 1281 1906 tunc
1319 1867 1491 1905 ueniens
1529 1868 1579 1905 ad

328 1935 539 1973 ecclesiam
569 1935 769 1972 sollicitus
799 1934 1050 1972 orationibus
1079 1947 1124 1971 ac
1153 1933 1333 1983 psalmis,
1368 1933 1496 1971 donec
1525 1946 1580 1970 se-

324 2001 477 2039 renitas
516 2000 620 2038 aeris
658 2000 817 2047 rediret,
853 2000 958 2037 fixa⁷
989 2001 1129 2037 mente
1160 2001 1331 2037 uacaret.
1393 1999 1580 2047 Cumque

324 2068 643 2115 interrogaretur
671 2080 693 2103 a
722 2065 816 2113 suis,
845 2079 969 2114 quare
995 2065 1070 2102 hoc
1095 2064 1253 2112 faceret,
1282 2064 1577 2113 respondebat:

329 2133 444 2169 ‘Non
476 2132 643 2181 legistis,
680 2131 775 2180 quia
810 2130 1028 2168 “intonuit
1060 2130 1109 2167 de
1141 2130 1250 2168 caelo
1285 2130 1498 2177 Dominus,
1538 2132 1579 2168 et

324 2197 567 2236 Altissimus
587 2197 699 2235 dedit
720 2210 862 2234 uocem
887 2210 1003 2234 suam
1023 2210 1031 2243 ;
1061 2196 1175 2233 misit
1195 2195 1363 2244 sagittas
1387 2208 1479 2233 suas
1491 2196 1513 2243 3,
1539 2197 1580 2233 et

324 2262 539 2312 dissipauit
578 2276 657 2310 eos,
699 2262 859 2312 fulgora
896 2261 1198 2311 multiplieauit,
1243 2264 1282 2299 et
1320 2260 1581 2299 conturbauit

322 2342 390 2366 eos
406 2328 484 2366 ῬΜ
542 2327 724 2366 Μο1101310
744 2327 857 2365 0111111
886 2340 975 2365 aera
1004 2326 1217 2375 Dominus,
1242 2328 1389 2364 uentos
1417 2326 1576 2374 excitat,

366 2413 375 2430 ¹
400 2415 497 2444 enim
515 2414 557 2445 N.
703 2414 714 2432 ²
736 2415 871 2453 positus
888 2412 948 2444 M¹.
1092 2413 1104 2430 ³
1126 2413 1201 2443 -bat
1219 2413 1263 2451 O;
1285 2411 1408 2443 -ba*n't
1424 2413 1453 2442 B
1469 2423 1476 2450 ;
1500 2422 1579 2442 sum

324 2467 447 2497 brobor
465 2491 472 2497 .
491 2491 498 2498 .
518 2491 525 2497 .
542 2466 578 2496 of
592 2467 679 2505 baem
697 2467 735 2505 pe
751 2476 806 2496 me
825 2491 832 2497 .
848 2491 855 2497 .
874 2490 881 2496 .
898 2465 982 2505 cj‘vde
999 2476 1019 2506 7
1035 2465 1143 2495 laerde
1160 2465 1228 2496 AS.
1361 2465 1372 2481 ⁴
1395 2464 1512 2494 -berht
1529 2464 1554 2495 C
1570 2474 1578 2502 ;

324 2520 435 2549 -brect
451 2519 492 2549 N.
596 2519 607 2536 ⁵
631 2519 873 2557 adresurgeret
890 2518 927 2548 C.
1036 2516 1048 2534 ⁶
1069 2517 1222 2548 -cederet
1239 2517 1286 2548 M.
1395 2515 1407 2533 ⁷
1430 2517 1511 2546 uixa
1529 2515 1578 2546 C'.

323 2571 335 2588 ⁸
358 2581 438 2602 suas
453 2582 512 2602 om.
530 2571 584 2602 B’.
750 2570 761 2587 ⁹
776 2572 863 2607 from
880 2570 920 2601 B.
938 2571 962 2601 C
978 2580 985 2608 ;
1009 2569 1175 2600 dominus
1191 2571 1226 2600 et
1242 2570 1357 2600 cetera
1373 2578 1482 2608 usque
1499 2577 1579 2598 con-

323 2624 483 2655 turbauit
500 2633 556 2654 eos
573 2623 620 2655 M.
761 2622 784 2640 ¹⁰
806 2623 920 2653 mouit
936 2622 974 2653 G.

1601 764 1639 791 cf.
1658 764 1726 791 Ioh.

1601 803 1668 831 viii.
1684 805 1727 838 56.

1602 1025 1623 1052 f.
1642 1034 1676 1061 74
1690 1034 1717 1053 a.

1603 2141 1652 2169 Ps.
1669 2140 1745 2168 xvii.
1784 2135 1786 2137 ’

1606 2190 1645 2216 13,
1663 2189 1703 2214 14.
