<?xml version="1.0" encoding="UTF-8"?>
<!DOCTYPE html PUBLIC "-//W3C//DTD XHTML 1.0 Transitional//EN"
    "http://www.w3.org/TR/xhtml1/DTD/xhtml1-transitional.dtd">
<html xmlns="http://www.w3.org/1999/xhtml" xml:lang="en" lang="en">
 <head>
  <title>
</title>
<meta http-equiv="Content-Type" content="text/html;charset=utf-8" />
  <meta name='ocr-system' content='tesseract 3.04.00' />
  <meta name='ocr-capabilities' content='ocr_page ocr_carea ocr_par ocr_line ocrx_word'/>
</head>
<body>
  <div class='ocr_page' id='page_1' title='image "./venerabilisbaeda00bedeuoft_0503.png"; bbox 0 0 1803 2887; ppageno 0'>
   <div class='ocr_carea' id='block_1_1' title="bbox 0 0 210 2887">
    <p class='ocr_par' dir='ltr' id='par_1_1' title="bbox 0 0 210 2887">
     <span class='ocr_line' id='line_1_1' title="bbox 0 0 210 2887; baseline 0 0"><span class='ocrx_word' id='word_1_1' title='bbox 0 0 210 2887; x_wconf 95' lang='lat' dir='ltr'> </span> 
     </span>
    </p>
   </div>
   <div class='ocr_carea' id='block_1_2' title="bbox 262 153 1513 209">
    <p class='ocr_par' dir='ltr' id='par_1_2' title="bbox 262 153 1513 209">
     <span class='ocr_line' id='line_1_2' title="bbox 262 153 1513 209; baseline 0 -16"><span class='ocrx_word' id='word_1_2' title='bbox 262 163 339 194; x_wconf 62' lang='lat' dir='ltr'>CM»,</span> <span class='ocrx_word' id='word_1_3' title='bbox 356 160 464 202; x_wconf 86' lang='lat' dir='ltr'>XlV.]</span> <span class='ocrx_word' id='word_1_4' title='bbox 655 153 807 195; x_wconf 74' lang='lat' dir='ltr'>Gentis</span> <span class='ocrx_word' id='word_1_5' title='bbox 838 153 1108 209; x_wconf 32' lang='lat' dir='ltr'>Anyloruvm.</span> <span class='ocrx_word' id='word_1_6' title='bbox 1430 154 1513 194; x_wconf 88' lang='lat'>313</span> 
     </span>
    </p>
   </div>
   <div class='ocr_carea' id='block_1_3' title="bbox 245 267 1514 1890">
    <p class='ocr_par' dir='ltr' id='par_1_3' title="bbox 245 267 1514 1890">
     <span class='ocr_line' id='line_1_3' title="bbox 258 267 1514 318; baseline 0 -13"><span class='ocrx_word' id='word_1_7' title='bbox 258 267 485 316; x_wconf 87' lang='lat' dir='ltr'>defunctus,</span> <span class='ocrx_word' id='word_1_8' title='bbox 519 268 824 318; x_wconf 86' lang='lat' dir='ltr'>paenitentiam,</span> <span class='ocrx_word' id='word_1_9' title='bbox 859 282 982 317; x_wconf 90' lang='lat' dir='ltr'>quam</span> <span class='ocrx_word' id='word_1_10' title='bbox 1008 268 1057 306; x_wconf 86' lang='lat' dir='ltr'>ad</span> <span class='ocrx_word' id='word_1_11' title='bbox 1083 267 1209 305; x_wconf 88' lang='lat' dir='ltr'>breue</span> <span class='ocrx_word' id='word_1_12' title='bbox 1230 269 1394 317; x_wconf 88' lang='lat' dir='ltr'>tempus</span> <span class='ocrx_word' id='word_1_13' title='bbox 1421 281 1514 305; x_wconf 90' lang='lat' dir='ltr'>cum</span> 
     </span>
     <span class='ocr_line' id='line_1_4' title="bbox 258 332 1512 383; baseline 0 -14"><span class='ocrx_word' id='word_1_14' title='bbox 258 332 394 370; x_wconf 87' lang='lat' dir='ltr'>fructu</span> <span class='ocrx_word' id='word_1_15' title='bbox 409 333 553 371; x_wconf 89' lang='lat' dir='ltr'>ueniae</span> <span class='ocrx_word' id='word_1_16' title='bbox 569 334 698 371; x_wconf 86' lang='lat' dir='ltr'>facere</span> <span class='ocrx_word' id='word_1_17' title='bbox 719 333 958 383; x_wconf 72' lang='lat' dir='ltr'>supersedit,</span> <span class='ocrx_word' id='word_1_18' title='bbox 978 333 1023 370; x_wconf 88' lang='lat' dir='ltr'>in</span> <span class='ocrx_word' id='word_1_19' title='bbox 1043 335 1257 370; x_wconf 88' lang='lat' dir='ltr'>aeternum</span> <span class='ocrx_word' id='word_1_20' title='bbox 1273 333 1360 369; x_wconf 90' lang='lat' dir='ltr'>sine</span> <span class='ocrx_word' id='word_1_21' title='bbox 1376 333 1512 370; x_wconf 89' lang='lat' dir='ltr'>fructu</span> 
     </span>
     <span class='ocr_line' id='line_1_5' title="bbox 257 398 1511 447; baseline 0 -12"><span class='ocrx_word' id='word_1_22' title='bbox 257 398 399 446; x_wconf 86' lang='lat' dir='ltr'>poenis</span> <span class='ocrx_word' id='word_1_23' title='bbox 435 398 624 437; x_wconf 89' lang='lat' dir='ltr'>subditus</span> <span class='ocrx_word' id='word_1_24' title='bbox 662 399 769 438; x_wconf 86' lang='lat' dir='ltr'>facit.</span> <span class='ocrx_word' id='word_1_25' title='bbox 830 399 892 437; x_wconf 91' lang='lat' dir='ltr'>De</span> <span class='ocrx_word' id='word_1_26' title='bbox 930 412 1010 447; x_wconf 87' lang='lat' dir='ltr'>quo</span> <span class='ocrx_word' id='word_1_27' title='bbox 1048 400 1218 445; x_wconf 86' lang='lat' dir='ltr'>constat,</span> <span class='ocrx_word' id='word_1_28' title='bbox 1261 398 1367 447; x_wconf 83' lang='lat' dir='ltr'>quia,</span> <span class='ocrx_word' id='word_1_29' title='bbox 1409 398 1511 435; x_wconf 85' lang='lat' dir='ltr'>sicut</span> 
     </span>
     <span class='ocr_line' id='line_1_6' title="bbox 256 462 1512 514; baseline -0.001 -14"><span class='ocrx_word' id='word_1_30' title='bbox 256 463 400 501; x_wconf 89' lang='lat' dir='ltr'>beatus</span> <span class='ocrx_word' id='word_1_31' title='bbox 425 477 529 513; x_wconf 73' lang='lat' dir='ltr'>papa·</span> <span class='ocrx_word' id='word_1_32' title='bbox 553 465 772 514; x_wconf 81' lang='lat' dir='ltr'>Gregorius</span> <span class='ocrx_word' id='word_1_33' title='bbox 798 464 848 502; x_wconf 91' lang='lat' dir='ltr'>de</span> <span class='ocrx_word' id='word_1_34' title='bbox 876 463 1121 513; x_wconf 84' lang='lat' dir='ltr'>quibusdam</span> <span class='ocrx_word' id='word_1_35' title='bbox 1148 462 1300 509; x_wconf 76' lang='lat' dir='ltr'><strong>scribit,</strong></span> <span class='ocrx_word' id='word_1_36' title='bbox 1331 476 1415 500; x_wconf 88' lang='lat' dir='ltr'>non</span> <span class='ocrx_word' id='word_1_37' title='bbox 1439 477 1512 512; x_wconf 83' lang='lat' dir='ltr'>pro</span> 
     </span>
     <span class='ocr_line' id='line_1_7' title="bbox 256 528 1512 579; baseline 0.001 -13"><span class='ocrx_word' id='word_1_38' title='bbox 256 541 299 566; x_wconf 87' lang='lat' dir='ltr'>se</span> <span class='ocrx_word' id='word_1_39' title='bbox 318 528 407 577; x_wconf 88' lang='lat' dir='ltr'>ista,</span> <span class='ocrx_word' id='word_1_40' title='bbox 433 529 497 567; x_wconf 86' lang='lat' dir='ltr'>cui</span> <span class='ocrx_word' id='word_1_41' title='bbox 517 543 601 567; x_wconf 92' lang='lat' dir='ltr'>non</span> <span class='ocrx_word' id='word_1_42' title='bbox 620 530 817 579; x_wconf 78' lang='lat' dir='ltr'>profuere,</span> <span class='ocrx_word' id='word_1_43' title='bbox 843 530 912 567; x_wconf 86' lang='lat' dir='ltr'>sed</span> <span class='ocrx_word' id='word_1_44' title='bbox 935 542 1009 578; x_wconf 86' lang='lat' dir='ltr'>pro</span> <span class='ocrx_word' id='word_1_45' title='bbox 1032 528 1122 566; x_wconf 83' lang='lat' dir='ltr'>aliis</span> <span class='ocrx_word' id='word_1_46' title='bbox 1148 528 1307 575; x_wconf 77' lang='lat' dir='ltr'>uiderit,</span> <span class='ocrx_word' id='word_1_47' title='bbox 1334 528 1403 577; x_wconf 90' lang='lat' dir='ltr'>qui</span> <span class='ocrx_word' id='word_1_48' title='bbox 1425 529 1512 567; x_wconf 88' lang='lat' dir='ltr'>eius</span> 
     </span>
     <span class='ocr_line' id='line_1_8' title="bbox 254 593 1505 644; baseline -0.001 -13"><span class='ocrx_word' id='word_1_49' title='bbox 254 593 469 632; x_wconf 86' lang='lat' dir='ltr'>interitum</span> <span class='ocrx_word' id='word_1_50' title='bbox 503 597 791 644; x_wconf 76' lang='lat' dir='ltr'>cognoscentes</span> <span class='ocrx_word' id='word_1_51' title='bbox 829 594 991 632; x_wconf 88' lang='lat' dir='ltr'>differre</span> <span class='ocrx_word' id='word_1_52' title='bbox 1023 596 1188 642; x_wconf 90' lang='lat' dir='ltr'>tempus</span> <span class='ocrx_word' id='word_1_53' title='bbox 1220 593 1505 642; x_wconf 80' lang='lat' dir='ltr'>paenitentiae,</span> 
     </span>
     <span class='ocr_line' id='line_1_9' title="bbox 255 657 1510 707; baseline -0.001 -11"><span class='ocrx_word' id='word_1_54' title='bbox 255 658 354 696; x_wconf 89' lang='lat' dir='ltr'>dum</span> <span class='ocrx_word' id='word_1_55' title='bbox 393 661 521 707; x_wconf 87' lang='lat' dir='ltr'>uacat,</span> <span class='ocrx_word' id='word_1_56' title='bbox 562 660 767 706; x_wconf 76' lang='lat' dir='ltr'>timerent,</span> <span class='ocrx_word' id='word_1_57' title='bbox 810 673 863 697; x_wconf 88' lang='lat' dir='ltr'>ne</span> <span class='ocrx_word' id='word_1_58' title='bbox 901 658 1113 707; x_wconf 85' lang='lat' dir='ltr'>inprouiso</span> <span class='ocrx_word' id='word_1_59' title='bbox 1156 658 1302 696; x_wconf 87' lang='lat' dir='ltr'>mortis</span> <span class='ocrx_word' id='word_1_60' title='bbox 1340 657 1510 695; x_wconf 89' lang='lat' dir='ltr'>articulo</span> 
     </span>
     <span class='ocr_line' id='line_1_10' title="bbox 253 723 1511 774; baseline 0.001 -14"><span class='ocrx_word' id='word_1_61' title='bbox 253 725 477 772; x_wconf 84' lang='lat' dir='ltr'>praeuenti,</span> <span class='ocrx_word' id='word_1_62' title='bbox 502 725 803 774; x_wconf 84' lang='lat' dir='ltr'>inpaem’tentes</span> <span class='ocrx_word' id='word_1_63' title='bbox 821 724 1013 773; x_wconf 82' lang='lat' dir='ltr'>perirent.</span> <span class='ocrx_word' id='word_1_64' title='bbox 1061 724 1177 772; x_wconf 86' lang='lat' dir='ltr'>Quod</span> <span class='ocrx_word' id='word_1_65' title='bbox 1195 726 1334 761; x_wconf 86' lang='lat' dir='ltr'>autem</span> <span class='ocrx_word' id='word_1_66' title='bbox 1355 723 1511 761; x_wconf 84' lang='lat' dir='ltr'>codices</span> 
     </span>
     <span class='ocr_line' id='line_1_11' title="bbox 254 789 1506 838; baseline 0 -12"><span class='ocrx_word' id='word_1_67' title='bbox 254 789 436 826; x_wconf 85' lang='lat' dir='ltr'>diuersos</span> <span class='ocrx_word' id='word_1_68' title='bbox 454 803 527 838; x_wconf 88' lang='lat' dir='ltr'>per</span> <span class='ocrx_word' id='word_1_69' title='bbox 541 790 671 828; x_wconf 91' lang='lat' dir='ltr'>bonos</span> <span class='ocrx_word' id='word_1_70' title='bbox 691 790 778 827; x_wconf 88' lang='lat' dir='ltr'>siue</span> <span class='ocrx_word' id='word_1_71' title='bbox 797 789 928 828; x_wconf 87' lang='lat' dir='ltr'>malos</span> <span class='ocrx_word' id='word_1_72' title='bbox 945 789 1114 838; x_wconf 87' lang='lat' dir='ltr'>spiritus</span> <span class='ocrx_word' id='word_1_73' title='bbox 1134 789 1213 827; x_wconf 86' lang='lat' dir='ltr'>sibi</span> <span class='ocrx_word' id='word_1_74' title='bbox 1233 789 1338 827; x_wconf 88' lang='lat' dir='ltr'>uidit</span> <span class='ocrx_word' id='word_1_75' title='bbox 1360 789 1506 835; x_wconf 83' lang='lat' dir='ltr'>offerri,</span> 
     </span>
     <span class='ocr_line' id='line_1_12' title="bbox 253 854 1509 904; baseline 0 -12"><span class='ocrx_word' id='word_1_76' title='bbox 253 854 303 892; x_wconf 88' lang='lat' dir='ltr'>ob</span> <span class='ocrx_word' id='word_1_77' title='bbox 329 854 372 892; x_wconf 87' lang='lat' dir='ltr'>id</span> <span class='ocrx_word' id='word_1_78' title='bbox 399 868 574 904; x_wconf 89' lang='lat' dir='ltr'>superna</span> <span class='ocrx_word' id='word_1_79' title='bbox 598 855 899 904; x_wconf 81' lang='lat' dir='ltr'>dispensatione</span> <span class='ocrx_word' id='word_1_80' title='bbox 924 855 1078 892; x_wconf 88' lang='lat' dir='ltr'>factum</span> <span class='ocrx_word' id='word_1_81' title='bbox 1103 858 1174 901; x_wconf 84' lang='lat' dir='ltr'>est,</span> <span class='ocrx_word' id='word_1_82' title='bbox 1204 857 1250 892; x_wconf 90' lang='lat' dir='ltr'>ut</span> <span class='ocrx_word' id='word_1_83' title='bbox 1274 854 1509 892; x_wconf 86' lang='lat' dir='ltr'>memineri-</span> 
     </span>
     <span class='ocr_line' id='line_1_13' title="bbox 252 920 1506 970; baseline 0 -13"><span class='ocrx_word' id='word_1_84' title='bbox 252 933 346 957; x_wconf 90' lang='lat' dir='ltr'>mus</span> <span class='ocrx_word' id='word_1_85' title='bbox 373 920 479 958; x_wconf 86' lang='lat' dir='ltr'>facta</span> <span class='ocrx_word' id='word_1_86' title='bbox 506 922 545 958; x_wconf 86' lang='lat' dir='ltr'>et</span> <span class='ocrx_word' id='word_1_87' title='bbox 571 920 838 970; x_wconf 85' lang='lat' dir='ltr'>cogitationes</span> <span class='ocrx_word' id='word_1_88' title='bbox 863 922 1023 958; x_wconf 84' lang='lat' dir='ltr'>nostras</span> <span class='ocrx_word' id='word_1_89' title='bbox 1048 934 1133 957; x_wconf 89' lang='lat' dir='ltr'>non</span> <span class='ocrx_word' id='word_1_90' title='bbox 1158 920 1204 957; x_wconf 89' lang='lat' dir='ltr'>in</span> <span class='ocrx_word' id='word_1_91' title='bbox 1230 922 1406 957; x_wconf 88' lang='lat' dir='ltr'>uentum</span> <span class='ocrx_word' id='word_1_92' title='bbox 1431 921 1506 958; x_wconf 81' lang='lat' dir='ltr'>dif-</span> 
     </span>
     <span class='ocr_line' id='line_1_14' title="bbox 251 985 1507 1033; baseline 0.001 -11"><span class='ocrx_word' id='word_1_93' title='bbox 251 985 378 1023; x_wconf 85' lang='lat' dir='ltr'>fluere</span> <span class='ocrx_word' id='word_1_94' title='bbox 392 986 412 1033; x_wconf 85' lang='lat'>¹,</span> <span class='ocrx_word' id='word_1_95' title='bbox 438 986 508 1023; x_wconf 92' lang='lat' dir='ltr'>sed</span> <span class='ocrx_word' id='word_1_96' title='bbox 533 987 583 1024; x_wconf 90' lang='lat' dir='ltr'>ad</span> <span class='ocrx_word' id='word_1_97' title='bbox 605 999 777 1024; x_wconf 74' lang='lat' dir='ltr'>examen</span> <span class='ocrx_word' id='word_1_98' title='bbox 804 986 959 1023; x_wconf 89' lang='lat' dir='ltr'>summi</span> <span class='ocrx_word' id='word_1_99' title='bbox 986 985 1141 1023; x_wconf 86' lang='lat' dir='ltr'>Iudicis</span> <span class='ocrx_word' id='word_1_100' title='bbox 1161 987 1308 1023; x_wconf 87' lang='lat' dir='ltr'>cuncta</span> <span class='ocrx_word' id='word_1_101' title='bbox 1328 986 1480 1024; x_wconf 87' lang='lat' dir='ltr'>seruari</span> <span class='ocrx_word' id='word_1_102' title='bbox 1499 1002 1507 1031; x_wconf 72' lang='grc' dir='ltr'><strong>ς</strong></span> 
     </span>
     <span class='ocr_line' id='line_1_15' title="bbox 250 1051 1503 1101; baseline 0.001 -13"><span class='ocrx_word' id='word_1_103' title='bbox 250 1053 290 1089; x_wconf 91' lang='lat' dir='ltr'>et</span> <span class='ocrx_word' id='word_1_104' title='bbox 321 1051 409 1088; x_wconf 85' lang='lat' dir='ltr'>siue</span> <span class='ocrx_word' id='word_1_105' title='bbox 433 1064 504 1100; x_wconf 87' lang='lat' dir='ltr'>per</span> <span class='ocrx_word' id='word_1_106' title='bbox 533 1052 684 1089; x_wconf 88' lang='lat' dir='ltr'>amicos</span> <span class='ocrx_word' id='word_1_107' title='bbox 713 1052 880 1101; x_wconf 81' lang='lat' dir='ltr'>angelos</span> <span class='ocrx_word' id='word_1_108' title='bbox 906 1052 950 1088; x_wconf 90' lang='lat' dir='ltr'>in</span> <span class='ocrx_word' id='word_1_109' title='bbox 979 1051 1063 1088; x_wconf 88' lang='lat' dir='ltr'>fine</span> <span class='ocrx_word' id='word_1_110' title='bbox 1092 1051 1209 1088; x_wconf 85' lang='lat' dir='ltr'>nobis</span> <span class='ocrx_word' id='word_1_111' title='bbox 1240 1051 1503 1100; x_wconf 87' lang='lat' dir='ltr'>ostendenda,</span> 
     </span>
     <span class='ocr_line' id='line_1_16' title="bbox 250 1117 1507 1166; baseline 0.001 -12"><span class='ocrx_word' id='word_1_112' title='bbox 250 1117 336 1155; x_wconf 87' lang='lat' dir='ltr'>siue</span> <span class='ocrx_word' id='word_1_113' title='bbox 364 1130 436 1166; x_wconf 92' lang='lat' dir='ltr'>per</span> <span class='ocrx_word' id='word_1_114' title='bbox 460 1117 608 1156; x_wconf 89' lang='lat' dir='ltr'>hostes.</span> <span class='ocrx_word' id='word_1_115' title='bbox 671 1117 786 1165; x_wconf 81' lang='lat' dir='ltr'>Quod</span> <span class='ocrx_word' id='word_1_116' title='bbox 816 1130 912 1155; x_wconf 84' lang='lat' dir='ltr'>uero</span> <span class='ocrx_word' id='word_1_117' title='bbox 941 1117 1056 1166; x_wconf 88' lang='lat' dir='ltr'>prius</span> <span class='ocrx_word' id='word_1_118' title='bbox 1080 1117 1302 1154; x_wconf 87' lang='lat' dir='ltr'>candidum</span> <span class='ocrx_word' id='word_1_119' title='bbox 1327 1117 1507 1155; x_wconf 82' lang='lat' dir='ltr'>codicem</span> 
     </span>
     <span class='ocr_line' id='line_1_17' title="bbox 249 1183 1506 1233; baseline 0 -13"><span class='ocrx_word' id='word_1_120' title='bbox 249 1183 512 1233; x_wconf 86' lang='lat' dir='ltr'>protulerunt</span> <span class='ocrx_word' id='word_1_121' title='bbox 539 1183 685 1233; x_wconf 81' lang='lat' dir='ltr'>angeli,</span> <span class='ocrx_word' id='word_1_122' title='bbox 717 1184 865 1221; x_wconf 87' lang='lat' dir='ltr'>deinde</span> <span class='ocrx_word' id='word_1_123' title='bbox 892 1186 1029 1221; x_wconf 87' lang='lat' dir='ltr'>atrum</span> <span class='ocrx_word' id='word_1_124' title='bbox 1059 1183 1303 1230; x_wconf 81' lang='lat' dir='ltr'>daemones3</span> <span class='ocrx_word' id='word_1_125' title='bbox 1333 1183 1395 1220; x_wconf 87' lang='lat' dir='ltr'>illi</span> <span class='ocrx_word' id='word_1_126' title='bbox 1419 1197 1506 1232; x_wconf 85' lang='lat' dir='ltr'>per-</span> 
     </span>
     <span class='ocr_line' id='line_1_18' title="bbox 247 1248 1506 1298; baseline 0.002 -12"><span class='ocrx_word' id='word_1_127' title='bbox 247 1262 433 1298; x_wconf 87' lang='lat' dir='ltr'>paruum,</span> <span class='ocrx_word' id='word_1_128' title='bbox 451 1248 521 1286; x_wconf 89' lang='lat' dir='ltr'>isti</span> <span class='ocrx_word' id='word_1_129' title='bbox 536 1262 748 1287; x_wconf 85' lang='lat' dir='ltr'>enormem</span> <span class='ocrx_word' id='word_1_130' title='bbox 766 1264 775 1297; x_wconf 80' lang='lat'><em>3</em></span> <span class='ocrx_word' id='word_1_131' title='bbox 804 1249 1221 1287; x_wconf 85' lang='lat' dir='ltr'>animaduertendum</span> <span class='ocrx_word' id='word_1_132' title='bbox 1242 1250 1314 1295; x_wconf 82' lang='lat' dir='ltr'>est,</span> <span class='ocrx_word' id='word_1_133' title='bbox 1333 1249 1440 1297; x_wconf 87' lang='lat' dir='ltr'>quod</span> <span class='ocrx_word' id='word_1_134' title='bbox 1462 1250 1506 1288; x_wconf 88' lang='lat' dir='ltr'>in</span> 
     </span>
     <span class='ocr_line' id='line_1_19' title="bbox 248 1314 1506 1364; baseline 0.002 -13"><span class='ocrx_word' id='word_1_135' title='bbox 248 1314 381 1364; x_wconf 86' lang='lat' dir='ltr'>prima</span> <span class='ocrx_word' id='word_1_136' title='bbox 413 1316 544 1352; x_wconf 84' lang='lat' dir='ltr'>aetate</span> <span class='ocrx_word' id='word_1_137' title='bbox 572 1315 679 1353; x_wconf 89' lang='lat' dir='ltr'>bona</span> <span class='ocrx_word' id='word_1_138' title='bbox 707 1315 841 1364; x_wconf 86' lang='lat' dir='ltr'>aliqua</span> <span class='ocrx_word' id='word_1_139' title='bbox 870 1315 976 1355; x_wconf 81' lang='lat' dir='ltr'>fecit.</span> <span class='ocrx_word' id='word_1_140' title='bbox 1011 1327 1116 1363; x_wconf 88' lang='lat' dir='ltr'>quae</span> <span class='ocrx_word' id='word_1_141' title='bbox 1144 1316 1285 1351; x_wconf 85' lang='lat' dir='ltr'>tamen</span> <span class='ocrx_word' id='word_1_142' title='bbox 1314 1314 1506 1354; x_wconf 88' lang='lat' dir='ltr'>uniuersa</span> 
     </span>
     <span class='ocr_line' id='line_1_20' title="bbox 249 1379 1506 1429; baseline 0.001 -12"><span class='ocrx_word' id='word_1_143' title='bbox 249 1393 372 1429; x_wconf 88' lang='lat' dir='ltr'>praue</span> <span class='ocrx_word' id='word_1_144' title='bbox 397 1381 552 1429; x_wconf 83' lang='lat' dir='ltr'>agendo</span> <span class='ocrx_word' id='word_1_145' title='bbox 580 1381 742 1419; x_wconf 88' lang='lat' dir='ltr'>iuuenis</span> <span class='ocrx_word' id='word_1_146' title='bbox 769 1380 1036 1418; x_wconf 86' lang='lat' dir='ltr'>obnubilauit.</span> <span class='ocrx_word' id='word_1_147' title='bbox 1099 1379 1178 1427; x_wconf 81' lang='lat' dir='ltr'>Qui</span> <span class='ocrx_word' id='word_1_148' title='bbox 1198 1379 1232 1416; x_wconf 88' lang='lat' dir='ltr'>si</span> <span class='ocrx_word' id='word_1_149' title='bbox 1259 1392 1280 1416; x_wconf 84' lang='lat' dir='ltr'>e</span> <span class='ocrx_word' id='word_1_150' title='bbox 1306 1381 1506 1418; x_wconf 86' lang='lat' dir='ltr'>contrario</span> 
     </span>
     <span class='ocr_line' id='line_1_21' title="bbox 249 1444 1506 1496; baseline 0.002 -14"><span class='ocrx_word' id='word_1_151' title='bbox 249 1458 402 1483; x_wconf 83' lang='lat' dir='ltr'>errores</span> <span class='ocrx_word' id='word_1_152' title='bbox 439 1446 637 1495; x_wconf 86' lang='lat' dir='ltr'>pueritiae</span> <span class='ocrx_word' id='word_1_153' title='bbox 674 1446 873 1496; x_wconf 82' lang='lat' dir='ltr'>corrigere</span> <span class='ocrx_word' id='word_1_154' title='bbox 911 1446 956 1483; x_wconf 87' lang='lat' dir='ltr'>in</span> <span class='ocrx_word' id='word_1_155' title='bbox 993 1444 1280 1491; x_wconf 81' lang='lat' dir='ltr'>adulescentia,</span> <span class='ocrx_word' id='word_1_156' title='bbox 1319 1458 1364 1482; x_wconf 90' lang='lat' dir='ltr'>ac</span> <span class='ocrx_word' id='word_1_157' title='bbox 1402 1445 1506 1484; x_wconf 86' lang='lat' dir='ltr'>bene</span> 
     </span>
     <span class='ocr_line' id='line_1_22' title="bbox 247 1510 1506 1559; baseline 0.001 -12"><span class='ocrx_word' id='word_1_158' title='bbox 247 1510 433 1548; x_wconf 87' lang='lat' dir='ltr'>faciendo</span> <span class='ocrx_word' id='word_1_159' title='bbox 453 1525 475 1549; x_wconf 89' lang='lat' dir='ltr'>a</span> <span class='ocrx_word' id='word_1_160' title='bbox 496 1512 571 1550; x_wconf 86' lang='lat' dir='ltr'>Dei</span> <span class='ocrx_word' id='word_1_161' title='bbox 589 1512 716 1550; x_wconf 87' lang='lat' dir='ltr'>oculis</span> <span class='ocrx_word' id='word_1_162' title='bbox 731 1512 976 1550; x_wconf 80' lang='lat' dir='ltr'>abscondere</span> <span class='ocrx_word' id='word_1_163' title='bbox 997 1512 1186 1557; x_wconf 82' lang='lat' dir='ltr'>curasset,</span> <span class='ocrx_word' id='word_1_164' title='bbox 1204 1512 1342 1559; x_wconf 75' lang='lat' dir='ltr'>posset</span> <span class='ocrx_word' id='word_1_165' title='bbox 1363 1524 1506 1549; x_wconf 89' lang='lat' dir='ltr'>eorum</span> 
     </span>
     <span class='ocr_line' id='line_1_23' title="bbox 248 1576 1505 1627; baseline 0.002 -14"><span class='ocrx_word' id='word_1_166' title='bbox 248 1589 420 1614; x_wconf 88' lang='lat' dir='ltr'>numero</span> <span class='ocrx_word' id='word_1_167' title='bbox 437 1577 590 1625; x_wconf 86' lang='lat' dir='ltr'>sociari,</span> <span class='ocrx_word' id='word_1_168' title='bbox 611 1578 660 1615; x_wconf 88' lang='lat' dir='ltr'>de</span> <span class='ocrx_word' id='word_1_169' title='bbox 680 1578 829 1627; x_wconf 87' lang='lat' dir='ltr'>quibus</span> <span class='ocrx_word' id='word_1_170' title='bbox 844 1577 900 1615; x_wconf 83' lang='lat' dir='ltr'>ait</span> <span class='ocrx_word' id='word_1_171' title='bbox 914 1577 1098 1626; x_wconf 86' lang='lat' dir='ltr'>psalmus</span> <span class='ocrx_word' id='word_1_172' title='bbox 1116 1591 1124 1614; x_wconf 90' lang='lat'>:</span> <span class='ocrx_word' id='word_1_173' title='bbox 1160 1576 1309 1623; x_wconf 86' lang='lat' dir='ltr'>‘Beati,</span> <span class='ocrx_word' id='word_1_174' title='bbox 1330 1590 1505 1625; x_wconf 80' lang='lat' dir='ltr'>quorum</span> 
     </span>
     <span class='ocr_line' id='line_1_24' title="bbox 248 1641 1505 1693; baseline 0.001 -14"><span class='ocrx_word' id='word_1_175' title='bbox 248 1641 441 1680; x_wconf 80' lang='lat' dir='ltr'>remissae</span> <span class='ocrx_word' id='word_1_176' title='bbox 457 1645 553 1680; x_wconf 89' lang='lat' dir='ltr'>sunt</span> <span class='ocrx_word' id='word_1_177' title='bbox 569 1643 817 1693; x_wconf 85' lang='lat' dir='ltr'>iniquitates,</span> <span class='ocrx_word' id='word_1_178' title='bbox 838 1645 879 1681; x_wconf 92' lang='lat' dir='ltr'>et</span> <span class='ocrx_word' id='word_1_179' title='bbox 895 1655 1071 1692; x_wconf 87' lang='lat' dir='ltr'>quorum</span> <span class='ocrx_word' id='word_1_180' title='bbox 1084 1643 1190 1679; x_wconf 88' lang='lat' dir='ltr'>tecta</span> <span class='ocrx_word' id='word_1_181' title='bbox 1205 1644 1301 1679; x_wconf 87' lang='lat' dir='ltr'>sunt</span> <span class='ocrx_word' id='word_1_182' title='bbox 1318 1644 1505 1690; x_wconf 68' lang='lat' dir='ltr'>peccata*</span> 
     </span>
     <span class='ocr_line' id='line_1_25' title="bbox 246 1706 1506 1755; baseline 0 -11"><span class='ocrx_word' id='word_1_183' title='bbox 246 1706 367 1745; x_wconf 89' lang='lat' dir='ltr'>Hanc</span> <span class='ocrx_word' id='word_1_184' title='bbox 388 1708 613 1755; x_wconf 84' lang='lat' dir='ltr'>historiam,</span> <span class='ocrx_word' id='word_1_185' title='bbox 632 1709 737 1746; x_wconf 91' lang='lat' dir='ltr'>sicut</span> <span class='ocrx_word' id='word_1_186' title='bbox 757 1722 779 1746; x_wconf 87' lang='lat' dir='ltr'>a</span> <span class='ocrx_word' id='word_1_187' title='bbox 801 1708 1028 1746; x_wconf 86' lang='lat' dir='ltr'>uenerabili</span> <span class='ocrx_word' id='word_1_188' title='bbox 1042 1707 1227 1745; x_wconf 83' lang='lat' dir='ltr'>antistite</span> <span class='ocrx_word' id='word_1_189' title='bbox 1243 1707 1506 1745; x_wconf 62' lang='grc' dir='ltr'>Ρο01110111102</span> 
     </span>
     <span class='ocr_line' id='line_1_26' title="bbox 246 1772 1505 1823; baseline 0 -13"><span class='ocrx_word' id='word_1_190' title='bbox 246 1772 378 1821; x_wconf 86' lang='lat' dir='ltr'>didici,</span> <span class='ocrx_word' id='word_1_191' title='bbox 413 1773 656 1822; x_wconf 88' lang='lat' dir='ltr'>simpliciter</span> <span class='ocrx_word' id='word_1_192' title='bbox 685 1775 734 1812; x_wconf 88' lang='lat' dir='ltr'>ob</span> <span class='ocrx_word' id='word_1_193' title='bbox 763 1774 941 1812; x_wconf 86' lang='lat' dir='ltr'>salutem</span> <span class='ocrx_word' id='word_1_194' title='bbox 969 1774 1195 1823; x_wconf 90' lang='lat' dir='ltr'>legentium</span> <span class='ocrx_word' id='word_1_195' title='bbox 1224 1773 1312 1811; x_wconf 89' lang='lat' dir='ltr'>siue</span> <span class='ocrx_word' id='word_1_196' title='bbox 1341 1773 1505 1811; x_wconf 86' lang='lat' dir='ltr'>audien-</span> 
     </span>
     <span class='ocr_line' id='line_1_27' title="bbox 245 1838 899 1890; baseline 0 -14"><span class='ocrx_word' id='word_1_197' title='bbox 245 1838 351 1876; x_wconf 87' lang='lat' dir='ltr'>tium</span> <span class='ocrx_word' id='word_1_198' title='bbox 371 1839 619 1877; x_wconf 86' lang='lat' dir='ltr'>narrandam</span> <span class='ocrx_word' id='word_1_199' title='bbox 640 1853 726 1878; x_wconf 90' lang='lat' dir='ltr'>esse</span> <span class='ocrx_word' id='word_1_200' title='bbox 746 1840 899 1890; x_wconf 89' lang='lat' dir='ltr'>putaui.</span> 
     </span>
    </p>
   </div>
   <div class='ocr_carea' id='block_1_4' title="bbox 729 1983 998 2022">
    <p class='ocr_par' dir='ltr' id='par_1_4' title="bbox 729 1983 998 2022">
     <span class='ocr_line' id='line_1_28' title="bbox 729 1983 998 2022; baseline -0.004 0"><span class='ocrx_word' id='word_1_201' title='bbox 729 1983 850 2022; x_wconf 84' lang='lat' dir='ltr'><strong>CAP.</strong></span> <span class='ocrx_word' id='word_1_202' title='bbox 884 1983 998 2021; x_wconf 88' lang='lat' dir='ltr'>XIV.</span> 
     </span>
    </p>
   </div>
   <div class='ocr_carea' id='block_1_5' title="bbox 241 2095 1501 2538">
    <p class='ocr_par' dir='ltr' id='par_1_5' title="bbox 367 2095 1378 2174">
     <span class='ocr_line' id='line_1_29' title="bbox 367 2095 1378 2131; baseline -0.001 -7"><span class='ocrx_word' id='word_1_203' title='bbox 367 2096 405 2124; x_wconf 77' lang='lat' dir='ltr'>Ut</span> <span class='ocrx_word' id='word_1_204' title='bbox 420 2096 490 2124; x_wconf 72' lang='lat' dir='ltr'>item</span> <span class='ocrx_word' id='word_1_205' title='bbox 506 2095 588 2124; x_wconf 69' lang='lat' dir='ltr'>alins</span> <span class='ocrx_word' id='word_1_206' title='bbox 603 2096 773 2124; x_wconf 75' lang='lat' dir='ltr'>moriturus</span> <span class='ocrx_word' id='word_1_207' title='bbox 787 2096 963 2130; x_wconf 66' lang='lat' dir='ltr'>deputatum</span> <span class='ocrx_word' id='word_1_208' title='bbox 981 2095 1041 2122; x_wconf 75' lang='lat' dir='ltr'>sibi</span> <span class='ocrx_word' id='word_1_209' title='bbox 1056 2096 1141 2130; x_wconf 75' lang='lat' dir='ltr'>apud</span> <span class='ocrx_word' id='word_1_210' title='bbox 1156 2095 1269 2131; x_wconf 71' lang='lat' dir='ltr'>inferos</span> <span class='ocrx_word' id='word_1_211' title='bbox 1283 2095 1378 2123; x_wconf 62' lang='lat' dir='ltr'>locum</span> 
     </span>
     <span class='ocr_line' id='line_1_30' title="bbox 712 2140 1023 2174; baseline 0 -7"><span class='ocrx_word' id='word_1_212' title='bbox 712 2147 884 2174; x_wconf 71' lang='lat' dir='ltr'>poenarum</span> <span class='ocrx_word' id='word_1_213' title='bbox 904 2140 1023 2168; x_wconf 74' lang='lat' dir='ltr'>uiderit.</span> 
     </span>
    </p>

    <p class='ocr_par' dir='ltr' id='par_1_6' title="bbox 241 2224 1501 2538">
     <span class='ocr_line' id='line_1_31' title="bbox 298 2224 1497 2274; baseline 0.001 -12"><span class='ocrx_word' id='word_1_214' title='bbox 298 2224 411 2263; x_wconf 78' lang='lat' dir='ltr'>Nom</span> <span class='ocrx_word' id='word_1_215' title='bbox 430 2227 569 2263; x_wconf 85' lang='lat' dir='ltr'>autem</span> <span class='ocrx_word' id='word_1_216' title='bbox 589 2224 676 2274; x_wconf 88' lang='lat' dir='ltr'>ipse</span> <span class='ocrx_word' id='word_1_217' title='bbox 691 2225 874 2271; x_wconf 76' lang='lat' dir='ltr'>fratrem,</span> <span class='ocrx_word' id='word_1_218' title='bbox 894 2238 1018 2274; x_wconf 85' lang='lat' dir='ltr'>quem</span> <span class='ocrx_word' id='word_1_219' title='bbox 1038 2224 1197 2262; x_wconf 87' lang='lat' dir='ltr'>utinam</span> <span class='ocrx_word' id='word_1_220' title='bbox 1217 2238 1301 2262; x_wconf 87' lang='lat' dir='ltr'>non</span> <span class='ocrx_word' id='word_1_221' title='bbox 1322 2238 1497 2271; x_wconf 76' lang='lat' dir='ltr'>nossem,</span> 
     </span>
     <span class='ocr_line' id='line_1_32' title="bbox 243 2290 1501 2339; baseline 0.001 -11"><span class='ocrx_word' id='word_1_222' title='bbox 243 2290 358 2328; x_wconf 86' lang='lat' dir='ltr'>cuius</span> <span class='ocrx_word' id='word_1_223' title='bbox 389 2291 514 2328; x_wconf 90' lang='lat' dir='ltr'>etiam</span> <span class='ocrx_word' id='word_1_224' title='bbox 547 2304 713 2339; x_wconf 88' lang='lat' dir='ltr'>nomen,</span> <span class='ocrx_word' id='word_1_225' title='bbox 749 2290 784 2328; x_wconf 89' lang='lat' dir='ltr'>si</span> <span class='ocrx_word' id='word_1_226' title='bbox 814 2291 890 2328; x_wconf 89' lang='lat' dir='ltr'>hoc</span> <span class='ocrx_word' id='word_1_227' title='bbox 921 2290 1076 2339; x_wconf 87' lang='lat' dir='ltr'>aliquid</span> <span class='ocrx_word' id='word_1_228' title='bbox 1106 2291 1325 2339; x_wconf 89' lang='lat' dir='ltr'>prodesset,</span> <span class='ocrx_word' id='word_1_229' title='bbox 1369 2291 1501 2329; x_wconf 85' lang='lat' dir='ltr'>dicere</span> 
     </span>
     <span class='ocr_line' id='line_1_33' title="bbox 242 2356 1499 2406; baseline 0.002 -13"><span class='ocrx_word' id='word_1_230' title='bbox 242 2368 432 2404; x_wconf 82' lang='lat' dir='ltr'>possem3</span> <span class='ocrx_word' id='word_1_231' title='bbox 474 2357 658 2405; x_wconf 91' lang='lat' dir='ltr'>positum</span> <span class='ocrx_word' id='word_1_232' title='bbox 696 2356 740 2394; x_wconf 88' lang='lat' dir='ltr'>in</span> <span class='ocrx_word' id='word_1_233' title='bbox 779 2357 1028 2394; x_wconf 88' lang='lat' dir='ltr'>monasterio</span> <span class='ocrx_word' id='word_1_234' title='bbox 1067 2356 1207 2404; x_wconf 87' lang='lat' dir='ltr'>nobili,</span> <span class='ocrx_word' id='word_1_235' title='bbox 1252 2357 1322 2394; x_wconf 88' lang='lat' dir='ltr'>sed</span> <span class='ocrx_word' id='word_1_236' title='bbox 1360 2356 1499 2406; x_wconf 89' lang='lat' dir='ltr'>ipsum</span> 
     </span>
     <span class='ocr_line' id='line_1_34' title="bbox 242 2421 1500 2471; baseline 0.004 -14"><span class='ocrx_word' id='word_1_237' title='bbox 242 2421 479 2470; x_wconf 89' lang='lat' dir='ltr'>ignobiliter</span> <span class='ocrx_word' id='word_1_238' title='bbox 504 2422 731 2460; x_wconf 88' lang='lat' dir='ltr'>uiuentem.</span> <span class='ocrx_word' id='word_1_239' title='bbox 790 2422 1096 2471; x_wconf 86' lang='lat' dir='ltr'>Corripiebatur</span> <span class='ocrx_word' id='word_1_240' title='bbox 1118 2422 1286 2471; x_wconf 86' lang='lat' dir='ltr'>quidem</span> <span class='ocrx_word' id='word_1_241' title='bbox 1313 2423 1454 2461; x_wconf 84' lang='lat' dir='ltr'>sedulo</span> <span class='ocrx_word' id='word_1_242' title='bbox 1478 2437 1500 2462; x_wconf 87' lang='lat' dir='ltr'>a</span> 
     </span>
     <span class='ocr_line' id='line_1_35' title="bbox 241 2486 1499 2538; baseline 0.002 -15"><span class='ocrx_word' id='word_1_243' title='bbox 241 2486 436 2525; x_wconf 85' lang='lat' dir='ltr'>fratribus</span> <span class='ocrx_word' id='word_1_244' title='bbox 475 2500 520 2525; x_wconf 88' lang='lat' dir='ltr'>ac</span> <span class='ocrx_word' id='word_1_245' title='bbox 557 2487 782 2526; x_wconf 89' lang='lat' dir='ltr'>maioribus</span> <span class='ocrx_word' id='word_1_246' title='bbox 818 2487 907 2536; x_wconf 79' lang='lat' dir='ltr'>loci,</span> <span class='ocrx_word' id='word_1_247' title='bbox 949 2490 1072 2537; x_wconf 85' lang='lat' dir='ltr'>atque</span> <span class='ocrx_word' id='word_1_248' title='bbox 1109 2488 1160 2526; x_wconf 87' lang='lat' dir='ltr'>ad</span> <span class='ocrx_word' id='word_1_249' title='bbox 1199 2488 1499 2538; x_wconf 85' lang='lat' dir='ltr'>castigatiorem</span> 
     </span>
    </p>
   </div>
   <div class='ocr_carea' id='block_1_6' title="bbox 479 2591 1206 2633">
    <p class='ocr_par' dir='ltr' id='par_1_7' title="bbox 479 2591 1206 2633">
     <span class='ocr_line' id='line_1_36' title="bbox 479 2591 1206 2633; baseline 0.003 -11"><span class='ocrx_word' id='word_1_250' title='bbox 479 2592 486 2608; x_wconf 85' lang='lat'>¹</span> <span class='ocrx_word' id='word_1_251' title='bbox 507 2592 660 2623; x_wconf 84' lang='lat' dir='ltr'>defluere</span> <span class='ocrx_word' id='word_1_252' title='bbox 676 2592 722 2623; x_wconf 88' lang='lat' dir='ltr'>M.</span> <span class='ocrx_word' id='word_1_253' title='bbox 812 2591 824 2608; x_wconf 88' lang='lat'><strong>²</strong></span> <span class='ocrx_word' id='word_1_254' title='bbox 847 2591 957 2632; x_wconf 66' lang='lat' dir='ltr'>pe‘c&#39;t-</span> <span class='ocrx_word' id='word_1_255' title='bbox 975 2593 1026 2630; x_wconf 86' lang='lat' dir='ltr'>N;</span> <span class='ocrx_word' id='word_1_256' title='bbox 1050 2594 1150 2633; x_wconf 86' lang='lat' dir='ltr'>peht-</span> <span class='ocrx_word' id='word_1_257' title='bbox 1169 2593 1206 2624; x_wconf 92' lang='lat' dir='ltr'>C.</span> 
     </span>
    </p>
   </div>
  </div>
 </body>
</html>
