1803 2887
79 796 123 823 iii.
140 805 165 829 4.

85 1393 101 1420 ἰ.
116 1402 158 1429 29.

84 1588 104 1616 i.
119 1598 161 1623 34.

84 1650 116 1677 ii.
132 1660 154 1684 3.

89 1778 116 1806 ii.
135 1789 156 1806 1.

87 1845 118 1872 ii.
133 1854 156 1878 5.

89 1973 120 2000 ii.
136 1983 161 2009 9.

90 2103 129 2131 ib.

94 2231 180 2264 ii.14.

270 171 345 200 Cap,
363 163 502 204 XX1V.]
664 153 815 196 Gentis
845 152 1116 206 Aaqlorum.
1439 150 1522 189 353

322 274 448 310 Anno
468 269 758 317 DXXXV111‚
783 265 980 317 eclypsis1
1003 267 1099 304 solis
1115 265 1127 285 ²
1143 265 1249 303 facta
1279 267 1341 302 est
1367 264 1517 302 XIIII.

270 338 479 376 Kalendas
499 337 673 383 Martias,
698 335 748 373 ab
768 335 867 372 hora
886 333 1017 382 prima
1036 345 1164 380 usque
1184 331 1233 368 ad
1254 330 1428 368 tertiam.

322 404 447 441 Anno
486 402 613 449 DXL,
656 401 832 450 eclypsis
873 398 972 436 solis
1018 397 1123 434 facta
1170 396 1270 434 XII.
1314 395 1524 433 Kalendas

270 468 397 506 Iulias
410 468 434 515 ³,
467 471 507 506 et
541 467 819 516 apparuerunt
847 463 987 501 stellae
1017 476 1121 511 pene
1150 462 1249 499 hora
1278 461 1446 499 dimidia
1475 460 1524 497 ab

269 534 368 571 hora
389 534 467 571 diei
486 533 612 571 tertia.

323 600 450 636 Anno
480 597 694 644 DXLVII,
729 597 804 634 Ida
832 607 1001 643 regnare
1031 593 1173 642 coepit,
1211 607 1233 631 a
1265 606 1344 641 quo
1379 592 1526 640 regalis

271 663 710 713 Nordanhymbrorum
741 660 929 710 prosapia
962 659 1161 708 originem
1200 660 1322 704 tenet,
1358 659 1398 695 et
1436 657 1524 695 XII

271 729 392 767 annis
420 729 464 766 in
493 742 619 778 regno
647 726 883 777 permansit.

325 795 450 831 Anno
481 792 645 839 DLXV,
680 791 879 830 Columba
909 790 1124 839 presbyter
1153 790 1202 827 de
1232 788 1384 826 Scottia
1411 788 1527 826 uenit

272 859 534 906 Brittaniam,
559 858 608 895 ad
630 857 833 895 docendos
853 855 1000 903 Pictos,
1019 858 1059 893 et
1079 855 1123 892 in
1143 855 1279 892 insula
1294 853 1369 891 Hii
1389 866 1525 890 mona-

271 924 442 962 sterium
461 924 567 962 fecit.

326 991 451 1027 Anno
489 988 676 1035 DXOVI,
722 987 944 1036 Gregorius
981 1000 1085 1035 papa
1125 985 1239 1023 misit
1277 984 1526 1022 Brittaniam

272 1055 556 1104 Augustinum
569 1054 582 1073 ⁴
611 1066 705 1091 cum
735 1052 958 1099 monachis,
993 1051 1063 1101 qui
1097 1051 1271 1088 uerbum
1306 1050 1381 1088 Dei
1414 1050 1529 1099 genti

273 1121 508 1170 Anglorum
537 1118 876 1168 euangelizarent.

327 1187 453 1223 Anno
473 1184 684 1231 DXCVH‚
709 1196 857 1221 uenere
878 1183 1123 1220 Brittaniam
1147 1182 1317 1231 praefati
1333 1182 1525 1226 doctores,

275 1251 345 1300 qui
365 1251 444 1288 fuit
463 1263 597 1288 annus
623 1249 717 1298 plus
738 1248 877 1286 minus
893 1249 959 1286 CL
973 1249 985 1268 ⁵
1006 1249 1210 1286 aduentus
1230 1247 1464 1296 Anglorum
1486 1246 1529 1282 in

276 1316 535 1354 Brittaniam.

328 1382 453 1419 Anno
473 1381 578 1428 DCI,
603 1380 718 1418 misit
738 1393 841 1429 papa
858 1379 1080 1428 Gregorius
1094 1379 1267 1428 pallium
1283 1377 1531 1415 Brittaniam

276 1447 512 1496 Augustino
533 1447 615 1484 iam
631 1447 736 1483 facto
749 1445 947 1494 episcopo,
964 1447 1005 1482 et
1019 1445 1156 1493 plures
1172 1443 1287 1481 uerbi
1304 1443 1526 1489 ministros,

276 1513 319 1550 in
339 1512 488 1561 quibus
508 1514 547 1549 et
568 1511 802 1549 Paulinum.

330 1579 455 1615 Anno
477 1577 632 1624 DCIII,
656 1578 886 1626 pugnatum
907 1576 957 1613 ad
979 1576 1240 1625 Degsastanae
1257 1576 1279 1613 ⁶.

330 1645 457 1681 Anno
477 1642 657 1690 DCIHI,
684 1642 911 1680 Orientales
933 1642 1113 1680 Saxones
1131 1641 1256 1678 fidem
1279 1640 1431 1679 Christi
1450 1654 1534 1689 per-

278 1709 435 1758 cipiunt
455 1709 531 1746 sub
551 1722 644 1757 rege
666 1708 878 1745 Sabercto⁷
900 1707 1085 1745 antistite
1105 1706 1274 1744 MellitO.

332 1775 457 1812 Anno
478 1774 597 1821 DOV,
624 1773 846 1822 Gregorius
865 1773 975 1811 obiit.

333 1841 458 1878 Anno
491 1839 678 1887 DCXVI,
712 1839 948 1877 Aedilberct
964 1838 975 1857 ⁸
1010 1851 1078 1874 rex
1117 1837 1429 1875 Cantuariorum
1468 1838 1533 1874 de-

279 1906 447 1943 functus
467 1906 539 1942 est.

336 1972 460 2008 Anno
480 1969 683 2017 DCXXV,
709 1969 911 2007 Paulinus
930 1982 953 2005 a
973 1969 1087 2005 Iusto
1114 1967 1415 2016 archiepiscopo
1436 1967 1537 2004 ordi-

282 2038 403 2074 natur
421 2035 535 2084 genti
556 2034 996 2083 Nordanhymbrorum
1016 2033 1196 2071 antistes.

335 2103 462 2140 Anno
482 2100 710 2147 DCXXVI,
737 2100 918 2147 Eanfled,
944 2099 1028 2137 filia
1047 2095 1254 2136 Aeduini⁹
1274 2098 1391 2147 regis,
1410 2098 1536 2148 bapti-

281 2169 370 2205 zata
389 2180 482 2203 cum
503 2166 590 2203 XII
611 2166 654 2203 in
675 2165 842 2203 sabbato
861 2166 1128 2214 pentecostes.

335 2233 460 2270 Anno
487 2231 740 2279 DCXXVH,
766 2229 921 2268 Eduini
934 2228 960 2249 ¹⁰
989 2243 1057 2267 rex
1087 2228 1314 2279 baptizatus
1343 2243 1437 2267 cum
1467 2242 1539 2267 sua

282 2299 403 2347 gente
421 2297 465 2334 in
485 2297 644 2345 pascha.

327 2372 337 2388 ¹
360 2373 515 2411 eclepsis,
532 2375 642 2402 actered
658 2376 684 2402 to
701 2372 851 2411 eclypsis
868 2371 912 2402 M.
1030 2371 1042 2387 2
1065 2372 1158 2410 solis,
1178 2374 1277 2401 added
1292 2381 1329 2400 on
1345 2373 1470 2408 maryin
1487 2371 1532 2409 My

285 2432 318 2458 at
334 2430 378 2457 the
393 2430 451 2458 end
467 2429 502 2464 of
511 2429 581 2457 line.
608 2427 656 2465 Hl
674 2429 781 2457 inserts
797 2427 879 2457 solis
895 2429 973 2464 aster
988 2427 1141 2457 tertiam.
1187 2425 1198 2443 3
1224 2426 1304 2456 iulii
1322 2426 1360 2457 C.
1408 2425 1418 2442 ‘¹
1439 2426 1533 2465 ag—C.

285 2479 296 2496 ⁵
321 2489 437 2509 annus
454 2479 518 2509 CL.
537 2478 582 2508 M.
603 2478 661 2517 Hl.
770 2477 780 2494 ⁶
802 2479 941 2517 daegsa—
959 2478 1003 2515 C3
1028 2487 1087 2518 -neg
1104 2479 1139 2509 C.
1159 2478 1189 2507 N
1205 2488 1212 2515 ;
1236 2478 1456 2517 daigsestane
1473 2478 1536 2516 O2;

287 2531 516 2570 daysastagne
533 2530 587 2569 0⁹·
633 2531 834 2561 daisastane
851 2531 893 2561 D.
910 2530 965 2561 &a
1013 2529 1025 2548 ⁷
1048 2530 1252 2560 saeberchto
1269 2530 1294 2560 C
1308 2541 1314 2564 3
1340 2530 1537 2569 sigberchto

288 2582 329 2613 D.
349 2582 406 2612 διο.
423 2582 476 2622 02.
568 2581 579 2598 ⁸
602 2582 739 2613 -bercht
756 2582 803 2621 (33
826 2583 922 2612 -berc
939 2582 982 2612 N.
1079 2583 1091 2599 ⁹
1113 2581 1237 2612 eduini
1253 2581 1307 2619 N3
1332 2582 1480 2612 eduuini
1501 2581 1535 2612 C.

288 2635 311 2652 ¹⁰
335 2634 489 2664 eduuine
507 2633 544 2665 C.

335 2704 357 2740 †

874 2659 945 2684 Aa
