<?xml version="1.0" encoding="UTF-8"?>
<!DOCTYPE html PUBLIC "-//W3C//DTD XHTML 1.0 Transitional//EN"
    "http://www.w3.org/TR/xhtml1/DTD/xhtml1-transitional.dtd">
<html xmlns="http://www.w3.org/1999/xhtml" xml:lang="en" lang="en">
 <head>
  <title>
</title>
<meta http-equiv="Content-Type" content="text/html;charset=utf-8" />
  <meta name='ocr-system' content='tesseract 3.04.00' />
  <meta name='ocr-capabilities' content='ocr_page ocr_carea ocr_par ocr_line ocrx_word'/>
</head>
<body>
  <div class='ocr_page' id='page_1' title='image "./venerabilisbaeda00bedeuoft_0610.png"; bbox 0 0 1803 2887; ppageno 0'>
   <div class='ocr_carea' id='block_1_1' title="bbox 332 186 1180 241">
    <p class='ocr_par' dir='ltr' id='par_1_1' title="bbox 332 186 1180 241">
     <span class='ocr_line' id='line_1_1' title="bbox 332 186 1180 241; baseline 0.005 -15"><span class='ocrx_word' id='word_1_1' title='bbox 332 188 418 226; x_wconf 74' lang='lat'>420</span> <span class='ocrx_word' id='word_1_2' title='bbox 746 186 947 241; x_wconf 69' lang='lat' dir='ltr'>Epistola</span> <span class='ocrx_word' id='word_1_3' title='bbox 977 187 1090 229; x_wconf 68' lang='lat' dir='ltr'>Beda</span> <span class='ocrx_word' id='word_1_4' title='bbox 1120 189 1180 230; x_wconf 72' lang='lat' dir='ltr'>ad</span> 
     </span>
    </p>
   </div>
   <div class='ocr_carea' id='block_1_2' title="bbox 318 289 1787 1715">
    <p class='ocr_par' dir='ltr' id='par_1_2' title="bbox 319 289 1787 1650">
     <span class='ocr_line' id='line_1_2' title="bbox 330 289 1586 341; baseline 0.003 -14"><span class='ocrx_word' id='word_1_5' title='bbox 330 289 424 327; x_wconf 91' lang='lat' dir='ltr'>huic</span> <span class='ocrx_word' id='word_1_6' title='bbox 454 291 616 328; x_wconf 86' lang='lat' dir='ltr'>nostrae</span> <span class='ocrx_word' id='word_1_7' title='bbox 646 290 920 328; x_wconf 70' lang='lat' dir='ltr'>exhortationi</span> <span class='ocrx_word' id='word_1_8' title='bbox 949 291 1132 330; x_wconf 85' lang='lat' dir='ltr'>multum</span> <span class='ocrx_word' id='word_1_9' title='bbox 1159 291 1519 341; x_wconf 85' lang='lat' dir='ltr'>contradicturos¹,</span> <span class='ocrx_word' id='word_1_10' title='bbox 1546 296 1586 331; x_wconf 87' lang='lat' dir='ltr'>et</span> 
     </span>
     <span class='ocr_line' id='line_1_3' title="bbox 330 355 1586 407; baseline 0.003 -15"><span class='ocrx_word' id='word_1_11' title='bbox 330 355 510 393; x_wconf 80' lang='lat' dir='ltr'>maxime</span> <span class='ocrx_word' id='word_1_12' title='bbox 536 369 614 403; x_wconf 91' lang='lat' dir='ltr'>eos,</span> <span class='ocrx_word' id='word_1_13' title='bbox 645 355 713 405; x_wconf 89' lang='lat' dir='ltr'>qui</span> <span class='ocrx_word' id='word_1_14' title='bbox 738 355 917 404; x_wconf 84' lang='lat' dir='ltr'>seipsos2</span> <span class='ocrx_word' id='word_1_15' title='bbox 938 357 1020 394; x_wconf 90' lang='lat' dir='ltr'>illis</span> <span class='ocrx_word' id='word_1_16' title='bbox 1050 357 1309 405; x_wconf 81' lang='lat' dir='ltr'><strong>facinoribus,</strong></span> <span class='ocrx_word' id='word_1_17' title='bbox 1334 371 1357 395; x_wconf 91' lang='lat' dir='ltr'>a</span> <span class='ocrx_word' id='word_1_18' title='bbox 1377 358 1526 407; x_wconf 87' lang='lat' dir='ltr'>quibus</span> <span class='ocrx_word' id='word_1_19' title='bbox 1545 361 1586 397; x_wconf 89' lang='lat' dir='ltr'>te</span> 
     </span>
     <span class='ocr_line' id='line_1_4' title="bbox 329 421 1787 476; baseline 0.003 -18"><span class='ocrx_word' id='word_1_20' title='bbox 329 421 608 470; x_wconf 80' lang='lat' dir='ltr'>prohibemus,</span> <span class='ocrx_word' id='word_1_21' title='bbox 633 434 721 459; x_wconf 85' lang='lat' dir='ltr'>esse</span> <span class='ocrx_word' id='word_1_22' title='bbox 747 422 932 460; x_wconf 86' lang='lat' dir='ltr'>sentiunt</span> <span class='ocrx_word' id='word_1_23' title='bbox 958 423 1138 461; x_wconf 89' lang='lat' dir='ltr'>irretitos</span> <span class='ocrx_word' id='word_1_24' title='bbox 1158 438 1166 471; x_wconf 88' lang='lat'>;</span> <span class='ocrx_word' id='word_1_25' title='bbox 1196 424 1265 461; x_wconf 89' lang='lat' dir='ltr'>sed</span> <span class='ocrx_word' id='word_1_26' title='bbox 1286 424 1524 462; x_wconf 79' lang='lat' dir='ltr'>meminisse</span> <span class='ocrx_word' id='word_1_27' title='bbox 1543 426 1584 462; x_wconf 92' lang='lat' dir='ltr'>te</span> <span class='ocrx_word' id='word_1_28' title='bbox 1785 472 1787 476; x_wconf 10' lang='grc' dir='ltr'>ἱ</span> 
     </span>
     <span class='ocr_line' id='line_1_5' title="bbox 330 486 1786 538; baseline 0.003 -15"><span class='ocrx_word' id='word_1_29' title='bbox 330 486 444 524; x_wconf 88' lang='lat' dir='ltr'>decet</span> <span class='ocrx_word' id='word_1_30' title='bbox 473 486 716 535; x_wconf 83' lang='lat' dir='ltr'>apostolicae</span> <span class='ocrx_word' id='word_1_31' title='bbox 746 487 1032 535; x_wconf 75' lang='lat' dir='ltr'>responsionis,</span> <span class='ocrx_word' id='word_1_32' title='bbox 1059 489 1153 537; x_wconf 86' lang='lat' dir='ltr'>quia</span> <span class='ocrx_word' id='word_1_33' title='bbox 1188 488 1397 526; x_wconf 82' lang='lat' dir='ltr'>‘obaedire</span> <span class='ocrx_word' id='word_1_34' title='bbox 1425 491 1584 538; x_wconf 87' lang='lat' dir='ltr'>oportet</span> <span class='ocrx_word' id='word_1_35' title='bbox 1611 496 1679 525; x_wconf 74' lang='lat' dir='ltr'>Aet.</span> <span class='ocrx_word' id='word_1_36' title='bbox 1692 507 1719 526; x_wconf 91' lang='lat' dir='ltr'>v.</span> <span class='ocrx_word' id='word_1_37' title='bbox 1734 504 1786 537; x_wconf 48' lang='lat'>294</span> 
     </span>
     <span class='ocr_line' id='line_1_6' title="bbox 328 551 1584 603; baseline 0.004 -15"><span class='ocrx_word' id='word_1_38' title='bbox 328 552 415 589; x_wconf 92' lang='lat' dir='ltr'>Deo</span> <span class='ocrx_word' id='word_1_39' title='bbox 443 551 574 601; x_wconf 83' lang='lat' dir='ltr'>magis</span> <span class='ocrx_word' id='word_1_40' title='bbox 604 565 727 601; x_wconf 88' lang='lat' dir='ltr'>quam</span> <span class='ocrx_word' id='word_1_41' title='bbox 756 552 1021 591; x_wconf 83' lang='lat' dir='ltr'>hominibus.’</span> <span class='ocrx_word' id='word_1_42' title='bbox 1078 554 1319 591; x_wconf 89' lang='lat' dir='ltr'>Mandatum</span> <span class='ocrx_word' id='word_1_43' title='bbox 1347 554 1497 603; x_wconf 90' lang='lat' dir='ltr'>quippe</span> <span class='ocrx_word' id='word_1_44' title='bbox 1523 557 1584 593; x_wconf 87' lang='lat' dir='ltr'>est</span> 
     </span>
     <span class='ocr_line' id='line_1_7' title="bbox 328 617 1785 668; baseline 0.004 -14"><span class='ocrx_word' id='word_1_45' title='bbox 328 617 432 655; x_wconf 90' lang='lat' dir='ltr'>Dei:</span> <span class='ocrx_word' id='word_1_46' title='bbox 468 617 670 655; x_wconf 81' lang='lat' dir='ltr'>‘Uendite</span> <span class='ocrx_word' id='word_1_47' title='bbox 699 631 800 666; x_wconf 84' lang='lat' dir='ltr'>quae</span> <span class='ocrx_word' id='word_1_48' title='bbox 823 618 1051 666; x_wconf 87' lang='lat' dir='ltr'>possidetis,</span> <span class='ocrx_word' id='word_1_49' title='bbox 1072 620 1113 656; x_wconf 93' lang='lat' dir='ltr'>et</span> <span class='ocrx_word' id='word_1_50' title='bbox 1140 619 1232 656; x_wconf 86' lang='lat' dir='ltr'>date</span> <span class='ocrx_word' id='word_1_51' title='bbox 1262 619 1529 657; x_wconf 81' lang='lat' dir='ltr'>elemosinam</span> <span class='ocrx_word' id='word_1_52' title='bbox 1548 621 1581 668; x_wconf 81' lang='lat'>3’</span> <span class='ocrx_word' id='word_1_53' title='bbox 1607 630 1683 660; x_wconf 81' lang='lat' dir='ltr'>Luc.</span> <span class='ocrx_word' id='word_1_54' title='bbox 1699 632 1754 660; x_wconf 81' lang='lat' dir='ltr'>xii.</span> <span class='ocrx_word' id='word_1_55' title='bbox 1784 617 1785 622; x_wconf 35' lang='lat'>¹</span> 
     </span>
     <span class='ocr_line' id='line_1_8' title="bbox 327 677 1784 742; baseline 0.001 -21"><span class='ocrx_word' id='word_1_56' title='bbox 327 685 393 722; x_wconf 86' lang='lat' dir='ltr'>et:</span> <span class='ocrx_word' id='word_1_57' title='bbox 437 683 550 721; x_wconf 88' lang='lat' dir='ltr'>‘Nisi</span> <span class='ocrx_word' id='word_1_58' title='bbox 580 684 671 732; x_wconf 89' lang='lat' dir='ltr'>quis</span> <span class='ocrx_word' id='word_1_59' title='bbox 700 684 1004 722; x_wconf 86' lang='lat' dir='ltr'>renunciauerit</span> <span class='ocrx_word' id='word_1_60' title='bbox 1035 685 1228 722; x_wconf 87' lang='lat' dir='ltr'>omnibus</span> <span class='ocrx_word' id='word_1_61' title='bbox 1258 698 1359 734; x_wconf 86' lang='lat' dir='ltr'>quae</span> <span class='ocrx_word' id='word_1_62' title='bbox 1387 685 1578 735; x_wconf 82' lang='lat' dir='ltr'>possidet,</span> <span class='ocrx_word' id='word_1_63' title='bbox 1605 677 1784 742; x_wconf 45' lang='lat' dir='ltr'>3Iii10.xiv.j</span> 
     </span>
     <span class='ocr_line' id='line_1_9' title="bbox 326 746 1783 799; baseline 0.002 -13"><span class='ocrx_word' id='word_1_64' title='bbox 326 762 410 786; x_wconf 91' lang='lat' dir='ltr'>non</span> <span class='ocrx_word' id='word_1_65' title='bbox 457 751 592 798; x_wconf 87' lang='lat' dir='ltr'>potest</span> <span class='ocrx_word' id='word_1_66' title='bbox 630 762 746 786; x_wconf 87' lang='lat' dir='ltr'>meus</span> <span class='ocrx_word' id='word_1_67' title='bbox 786 762 872 787; x_wconf 83' lang='lat' dir='ltr'>esse</span> <span class='ocrx_word' id='word_1_68' title='bbox 916 750 1169 799; x_wconf 88' lang='lat' dir='ltr'>discipulus.’</span> <span class='ocrx_word' id='word_1_69' title='bbox 1225 751 1407 788; x_wconf 87' lang='lat' dir='ltr'>Traditio</span> <span class='ocrx_word' id='word_1_70' title='bbox 1445 752 1582 789; x_wconf 89' lang='lat' dir='ltr'>autem</span> <span class='ocrx_word' id='word_1_71' title='bbox 1606 758 1646 784; x_wconf 83' lang='lat'>33·</span> <span class='ocrx_word' id='word_1_72' title='bbox 1782 746 1783 756; x_wconf 49' lang='lat'>¹</span> 
     </span>
     <span class='ocr_line' id='line_1_10' title="bbox 325 815 1583 865; baseline 0.002 -13"><span class='ocrx_word' id='word_1_73' title='bbox 325 815 524 853; x_wconf 86' lang='lat' dir='ltr'>moderna</span> <span class='ocrx_word' id='word_1_74' title='bbox 558 816 619 852; x_wconf 88' lang='lat' dir='ltr'>est</span> <span class='ocrx_word' id='word_1_75' title='bbox 650 815 909 863; x_wconf 85' lang='lat' dir='ltr'>quorundam</span> <span class='ocrx_word' id='word_1_76' title='bbox 922 815 946 863; x_wconf 73' lang='lat'>³,</span> <span class='ocrx_word' id='word_1_77' title='bbox 983 816 1054 865; x_wconf 89' lang='lat' dir='ltr'>qui</span> <span class='ocrx_word' id='word_1_78' title='bbox 1092 829 1135 853; x_wconf 89' lang='lat' dir='ltr'>se</span> <span class='ocrx_word' id='word_1_79' title='bbox 1174 815 1251 854; x_wconf 88' lang='lat' dir='ltr'>Dei</span> <span class='ocrx_word' id='word_1_80' title='bbox 1284 816 1463 854; x_wconf 86' lang='lat' dir='ltr'>famulos</span> <span class='ocrx_word' id='word_1_81' title='bbox 1496 829 1583 854; x_wconf 86' lang='lat' dir='ltr'>esse</span> 
     </span>
     <span class='ocr_line' id='line_1_11' title="bbox 324 880 1581 929; baseline 0.002 -12"><span class='ocrx_word' id='word_1_82' title='bbox 324 880 581 929; x_wconf 88' lang='lat' dir='ltr'>profitentur,</span> <span class='ocrx_word' id='word_1_83' title='bbox 607 893 691 917; x_wconf 92' lang='lat' dir='ltr'>non</span> <span class='ocrx_word' id='word_1_84' title='bbox 712 880 869 918; x_wconf 72' lang='lat' dir='ltr'>solum⁴</span> <span class='ocrx_word' id='word_1_85' title='bbox 894 893 1080 929; x_wconf 87' lang='lat' dir='ltr'>possessa</span> <span class='ocrx_word' id='word_1_86' title='bbox 1109 894 1193 918; x_wconf 89' lang='lat' dir='ltr'>non</span> <span class='ocrx_word' id='word_1_87' title='bbox 1223 882 1410 929; x_wconf 88' lang='lat' dir='ltr'>uendere,</span> <span class='ocrx_word' id='word_1_88' title='bbox 1436 894 1581 919; x_wconf 85' lang='lat' dir='ltr'>uerum</span> 
     </span>
     <span class='ocr_line' id='line_1_12' title="bbox 325 945 1582 995; baseline 0.001 -12"><span class='ocrx_word' id='word_1_89' title='bbox 325 945 448 983; x_wconf 86' lang='lat' dir='ltr'>etiam</span> <span class='ocrx_word' id='word_1_90' title='bbox 462 946 474 965; x_wconf 76' lang='lat'>⁵</span> <span class='ocrx_word' id='word_1_91' title='bbox 496 958 726 994; x_wconf 83' lang='lat' dir='ltr'>comparare</span> <span class='ocrx_word' id='word_1_92' title='bbox 746 959 831 983; x_wconf 90' lang='lat' dir='ltr'>non</span> <span class='ocrx_word' id='word_1_93' title='bbox 852 946 1002 984; x_wconf 87' lang='lat' dir='ltr'>habita.</span> <span class='ocrx_word' id='word_1_94' title='bbox 1066 946 1153 994; x_wconf 79' lang='lat' dir='ltr'>Qua</span> <span class='ocrx_word' id='word_1_95' title='bbox 1183 960 1276 995; x_wconf 82' lang='lat' dir='ltr'>ergo</span> <span class='ocrx_word' id='word_1_96' title='bbox 1296 946 1431 984; x_wconf 84' lang='lat' dir='ltr'>fronte</span> <span class='ocrx_word' id='word_1_97' title='bbox 1461 947 1582 984; x_wconf 88' lang='lat' dir='ltr'>audet</span> 
     </span>
     <span class='ocr_line' id='line_1_13' title="bbox 325 1011 1581 1060; baseline 0.001 -12"><span class='ocrx_word' id='word_1_98' title='bbox 325 1011 540 1060; x_wconf 88' lang='lat' dir='ltr'>quisquam</span> <span class='ocrx_word' id='word_1_99' title='bbox 579 1011 628 1048; x_wconf 88' lang='lat' dir='ltr'>ad</span> <span class='ocrx_word' id='word_1_100' title='bbox 668 1011 884 1048; x_wconf 86' lang='lat' dir='ltr'>seruitium</span> <span class='ocrx_word' id='word_1_101' title='bbox 919 1011 1089 1049; x_wconf 90' lang='lat' dir='ltr'>Domini</span> <span class='ocrx_word' id='word_1_102' title='bbox 1121 1025 1364 1059; x_wconf 82' lang='lat' dir='ltr'>accessurus,</span> <span class='ocrx_word' id='word_1_103' title='bbox 1397 1011 1463 1049; x_wconf 91' lang='lat' dir='ltr'>uel</span> <span class='ocrx_word' id='word_1_104' title='bbox 1501 1024 1581 1059; x_wconf 85' lang='lat' dir='ltr'>eas,</span> 
     </span>
     <span class='ocr_line' id='line_1_14' title="bbox 324 1076 1583 1127; baseline 0.002 -14"><span class='ocrx_word' id='word_1_105' title='bbox 324 1089 424 1125; x_wconf 89' lang='lat' dir='ltr'>quas</span> <span class='ocrx_word' id='word_1_106' title='bbox 437 1077 448 1095; x_wconf 59' lang='grc' dir='ltr'>ὓ</span> <span class='ocrx_word' id='word_1_107' title='bbox 464 1077 507 1114; x_wconf 91' lang='lat' dir='ltr'>in</span> <span class='ocrx_word' id='word_1_108' title='bbox 529 1077 699 1114; x_wconf 86' lang='lat' dir='ltr'>seculari</span> <span class='ocrx_word' id='word_1_109' title='bbox 721 1076 806 1114; x_wconf 86' lang='lat' dir='ltr'>uita</span> <span class='ocrx_word' id='word_1_110' title='bbox 826 1076 1036 1125; x_wconf 73' lang='lat' dir='ltr'>habuerat,</span> <span class='ocrx_word' id='word_1_111' title='bbox 1055 1079 1269 1125; x_wconf 75' lang='lat' dir='ltr'>retentare,</span> <span class='ocrx_word' id='word_1_112' title='bbox 1288 1078 1355 1115; x_wconf 91' lang='lat' dir='ltr'>uel</span> <span class='ocrx_word' id='word_1_113' title='bbox 1379 1077 1455 1115; x_wconf 91' lang='lat' dir='ltr'>sub</span> <span class='ocrx_word' id='word_1_114' title='bbox 1475 1090 1583 1127; x_wconf 85' lang='lat' dir='ltr'>prae-</span> 
     </span>
     <span class='ocr_line' id='line_1_15' title="bbox 323 1142 1582 1192; baseline 0 -12"><span class='ocrx_word' id='word_1_115' title='bbox 323 1144 437 1180; x_wconf 81' lang='lat' dir='ltr'>textu</span> <span class='ocrx_word' id='word_1_116' title='bbox 451 1143 560 1180; x_wconf 87' lang='lat' dir='ltr'>uitae</span> <span class='ocrx_word' id='word_1_117' title='bbox 573 1143 787 1180; x_wconf 87' lang='lat' dir='ltr'>sanctioris</span> <span class='ocrx_word' id='word_1_118' title='bbox 801 1142 903 1187; x_wconf 80' lang='lat' dir='ltr'>illas,</span> <span class='ocrx_word' id='word_1_119' title='bbox 916 1155 1017 1191; x_wconf 87' lang='lat' dir='ltr'>quas</span> <span class='ocrx_word' id='word_1_120' title='bbox 1031 1155 1113 1180; x_wconf 90' lang='lat' dir='ltr'>non</span> <span class='ocrx_word' id='word_1_121' title='bbox 1121 1143 1328 1187; x_wconf 86' lang='lat' dir='ltr'>habuerat,</span> <span class='ocrx_word' id='word_1_122' title='bbox 1339 1155 1582 1192; x_wconf 83' lang='lat' dir='ltr'>congregare</span> 
     </span>
     <span class='ocr_line' id='line_1_16' title="bbox 323 1207 1575 1257; baseline 0 -11"><span class='ocrx_word' id='word_1_123' title='bbox 323 1208 512 1256; x_wconf 84' lang='lat' dir='ltr'>diuitias;</span> <span class='ocrx_word' id='word_1_124' title='bbox 542 1221 635 1246; x_wconf 89' lang='lat' dir='ltr'>cum</span> <span class='ocrx_word' id='word_1_125' title='bbox 656 1208 806 1245; x_wconf 73' lang='lat' dir='ltr'>etiarn5</span> <span class='ocrx_word' id='word_1_126' title='bbox 827 1207 1049 1256; x_wconf 83' lang='lat' dir='ltr'>apostolica</span> <span class='ocrx_word' id='word_1_127' title='bbox 1078 1208 1130 1245; x_wconf 89' lang='lat' dir='ltr'>sit</span> <span class='ocrx_word' id='word_1_128' title='bbox 1154 1207 1369 1245; x_wconf 85' lang='lat' dir='ltr'>notissima</span> <span class='ocrx_word' id='word_1_129' title='bbox 1396 1221 1575 1257; x_wconf 88' lang='lat' dir='ltr'>censura,</span> 
     </span>
     <span class='ocr_line' id='line_1_17' title="bbox 322 1273 1776 1322; baseline 0.003 -11"><span class='ocrx_word' id='word_1_130' title='bbox 322 1287 424 1322; x_wconf 87' lang='lat' dir='ltr'>quae</span> <span class='ocrx_word' id='word_1_131' title='bbox 443 1274 683 1312; x_wconf 81' lang='lat' dir='ltr'>Annaniam</span> <span class='ocrx_word' id='word_1_132' title='bbox 704 1275 744 1311; x_wconf 86' lang='lat' dir='ltr'>et</span> <span class='ocrx_word' id='word_1_133' title='bbox 766 1273 981 1322; x_wconf 81' lang='lat' dir='ltr'>Saphiram</span> <span class='ocrx_word' id='word_1_134' title='bbox 998 1273 1073 1311; x_wconf 91' lang='lat' dir='ltr'>hoc</span> <span class='ocrx_word' id='word_1_135' title='bbox 1093 1273 1221 1311; x_wconf 87' lang='lat' dir='ltr'>facere</span> <span class='ocrx_word' id='word_1_136' title='bbox 1241 1273 1468 1321; x_wconf 84' lang='lat' dir='ltr'>molientes,</span> <span class='ocrx_word' id='word_1_137' title='bbox 1493 1287 1577 1311; x_wconf 92' lang='lat' dir='ltr'>non</span> <span class='ocrx_word' id='word_1_138' title='bbox 1602 1286 1640 1315; x_wconf 80' lang='lat' dir='ltr'>cf.</span> <span class='ocrx_word' id='word_1_139' title='bbox 1658 1287 1727 1315; x_wconf 78' lang='lat' dir='ltr'>Act.</span> <span class='ocrx_word' id='word_1_140' title='bbox 1744 1293 1776 1315; x_wconf 58' lang='lat' dir='ltr'>v*</span> 
     </span>
     <span class='ocr_line' id='line_1_18' title="bbox 324 1335 1678 1388; baseline 0 -12"><span class='ocrx_word' id='word_1_141' title='bbox 324 1339 409 1376; x_wconf 92' lang='lat' dir='ltr'>ullo</span> <span class='ocrx_word' id='word_1_142' title='bbox 439 1339 714 1388; x_wconf 84' lang='lat' dir='ltr'>paenitentiae</span> <span class='ocrx_word' id='word_1_143' title='bbox 739 1339 806 1376; x_wconf 86' lang='lat' dir='ltr'>uel</span> <span class='ocrx_word' id='word_1_144' title='bbox 835 1338 1119 1376; x_wconf 86' lang='lat' dir='ltr'>satisfactionis</span> <span class='ocrx_word' id='word_1_145' title='bbox 1139 1338 1318 1376; x_wconf 89' lang='lat' dir='ltr'>remedio</span> <span class='ocrx_word' id='word_1_146' title='bbox 1340 1338 1538 1387; x_wconf 85' lang='lat' dir='ltr'>corrigere</span> <span class='ocrx_word' id='word_1_147' title='bbox 1550 1340 1572 1387; x_wconf 87' lang='lat'>⁷,</span> <span class='ocrx_word' id='word_1_148' title='bbox 1603 1335 1678 1354; x_wconf 55' lang='lat'>¹⁴¹·</span> 
     </span>
     <span class='ocr_line' id='line_1_19' title="bbox 322 1403 1579 1453; baseline 0 -11"><span class='ocrx_word' id='word_1_149' title='bbox 322 1405 392 1442; x_wconf 85' lang='lat' dir='ltr'>sed</span> <span class='ocrx_word' id='word_1_150' title='bbox 407 1404 418 1423; x_wconf 63' lang='lat'>&#39;³</span> <span class='ocrx_word' id='word_1_151' title='bbox 439 1405 526 1453; x_wconf 83' lang='lat' dir='ltr'>ipsa</span> <span class='ocrx_word' id='word_1_152' title='bbox 546 1404 686 1442; x_wconf 85' lang='lat' dir='ltr'>statim</span> <span class='ocrx_word' id='word_1_153' title='bbox 707 1403 852 1441; x_wconf 86' lang='lat' dir='ltr'>mortis</span> <span class='ocrx_word' id='word_1_154' title='bbox 872 1403 1029 1441; x_wconf 84' lang='lat' dir='ltr'>ultricis</span> <span class='ocrx_word' id='word_1_155' title='bbox 1056 1403 1296 1441; x_wconf 87' lang='lat' dir='ltr'>accelerauit</span> <span class='ocrx_word' id='word_1_156' title='bbox 1317 1404 1579 1442; x_wconf 82' lang='lat' dir='ltr'>damnatione</span> 
     </span>
     <span class='ocr_line' id='line_1_20' title="bbox 320 1468 1580 1518; baseline 0.001 -11"><span class='ocrx_word' id='word_1_157' title='bbox 320 1470 469 1518; x_wconf 88' lang='lat' dir='ltr'>punire</span> <span class='ocrx_word' id='word_1_158' title='bbox 485 1470 497 1489; x_wconf 73' lang='lat'>⁰</span> <span class='ocrx_word' id='word_1_159' title='bbox 511 1471 531 1508; x_wconf 72' lang='grc' dir='ltr'>Ῥ</span> <span class='ocrx_word' id='word_1_160' title='bbox 587 1470 641 1507; x_wconf 89' lang='lat' dir='ltr'>Et</span> <span class='ocrx_word' id='word_1_161' title='bbox 662 1469 829 1518; x_wconf 88' lang='lat' dir='ltr'>quidem</span> <span class='ocrx_word' id='word_1_162' title='bbox 853 1468 916 1505; x_wconf 91' lang='lat' dir='ltr'>illi</span> <span class='ocrx_word' id='word_1_163' title='bbox 936 1482 1020 1506; x_wconf 90' lang='lat' dir='ltr'>non</span> <span class='ocrx_word' id='word_1_164' title='bbox 1041 1469 1173 1506; x_wconf 87' lang='lat' dir='ltr'>aliena</span> <span class='ocrx_word' id='word_1_165' title='bbox 1193 1469 1392 1518; x_wconf 83' lang='lat' dir='ltr'>colligere,</span> <span class='ocrx_word' id='word_1_166' title='bbox 1417 1470 1487 1507; x_wconf 84' lang='lat' dir='ltr'>sed</span> <span class='ocrx_word' id='word_1_167' title='bbox 1508 1482 1580 1508; x_wconf 86' lang='lat' dir='ltr'>sua</span> 
     </span>
     <span class='ocr_line' id='line_1_21' title="bbox 319 1534 1573 1584; baseline 0 -12"><span class='ocrx_word' id='word_1_168' title='bbox 319 1535 543 1584; x_wconf 85' lang='lat' dir='ltr'>incongrue</span> <span class='ocrx_word' id='word_1_169' title='bbox 570 1535 743 1572; x_wconf 85' lang='lat' dir='ltr'>retinere</span> <span class='ocrx_word' id='word_1_170' title='bbox 766 1534 1009 1572; x_wconf 86' lang='lat' dir='ltr'>maluerunt.</span> <span class='ocrx_word' id='word_1_171' title='bbox 1072 1534 1194 1572; x_wconf 82' lang='lat' dir='ltr'>Unde</span> <span class='ocrx_word' id='word_1_172' title='bbox 1214 1534 1431 1572; x_wconf 86' lang='lat' dir='ltr'>manifeste</span> <span class='ocrx_word' id='word_1_173' title='bbox 1451 1537 1573 1584; x_wconf 87' lang='lat' dir='ltr'>patet,</span> 
     </span>
     <span class='ocr_line' id='line_1_22' title="bbox 320 1599 1578 1650; baseline -0.001 -12"><span class='ocrx_word' id='word_1_174' title='bbox 320 1614 442 1650; x_wconf 82' lang='lat' dir='ltr'>quam</span> <span class='ocrx_word' id='word_1_175' title='bbox 464 1601 585 1649; x_wconf 84' lang='lat' dir='ltr'>longe</span> <span class='ocrx_word' id='word_1_176' title='bbox 604 1600 810 1638; x_wconf 87' lang='lat' dir='ltr'>abstiterit</span> <span class='ocrx_word' id='word_1_177' title='bbox 830 1600 995 1637; x_wconf 88' lang='lat' dir='ltr'>animus</span> <span class='ocrx_word' id='word_1_178' title='bbox 1014 1600 1293 1648; x_wconf 87' lang='lat' dir='ltr'>apostolorum</span> <span class='ocrx_word' id='word_1_179' title='bbox 1313 1613 1336 1637; x_wconf 91' lang='lat' dir='ltr'>a</span> <span class='ocrx_word' id='word_1_180' title='bbox 1361 1599 1578 1648; x_wconf 86' lang='lat' dir='ltr'>suscipien-</span> 
     </span>
    </p>

    <p class='ocr_par' dir='ltr' id='par_1_3' title="bbox 318 1664 1577 1715">
     <span class='ocr_line' id='line_1_23' title="bbox 318 1664 1577 1715; baseline -0.001 -11"><span class='ocrx_word' id='word_1_181' title='bbox 318 1667 382 1704; x_wconf 85' lang='lat' dir='ltr'>dis</span> <span class='ocrx_word' id='word_1_182' title='bbox 395 1664 422 1685; x_wconf 70' lang='lat'>¹⁰</span> <span class='ocrx_word' id='word_1_183' title='bbox 443 1666 709 1715; x_wconf 85' lang='lat' dir='ltr'>pecuniarum</span> <span class='ocrx_word' id='word_1_184' title='bbox 741 1665 1095 1714; x_wconf 85' lang='lat' dir='ltr'>adquisitionibus,</span> <span class='ocrx_word' id='word_1_185' title='bbox 1120 1666 1190 1714; x_wconf 87' lang='lat' dir='ltr'>qui</span> <span class='ocrx_word' id='word_1_186' title='bbox 1218 1665 1294 1702; x_wconf 85' lang='lat' dir='ltr'>sub</span> <span class='ocrx_word' id='word_1_187' title='bbox 1320 1665 1392 1703; x_wconf 89' lang='lat' dir='ltr'>illa</span> <span class='ocrx_word' id='word_1_188' title='bbox 1416 1665 1577 1715; x_wconf 87' lang='lat' dir='ltr'>proprie</span> 
     </span>
    </p>
   </div>
   <div class='ocr_carea' id='block_1_3' title="bbox 313 1730 1803 2300">
    <p class='ocr_par' dir='ltr' id='par_1_4' title="bbox 313 1730 1803 2300">
     <span class='ocr_line' id='line_1_24' title="bbox 319 1730 1771 1781; baseline 0.001 -12"><span class='ocrx_word' id='word_1_189' title='bbox 319 1732 459 1781; x_wconf 82' lang='lat' dir='ltr'>regula</span> <span class='ocrx_word' id='word_1_190' title='bbox 489 1732 667 1769; x_wconf 91' lang='lat' dir='ltr'>Domino</span> <span class='ocrx_word' id='word_1_191' title='bbox 697 1731 953 1769; x_wconf 86' lang='lat' dir='ltr'>seruiebant:</span> <span class='ocrx_word' id='word_1_192' title='bbox 988 1730 1128 1768; x_wconf 86' lang='lat' dir='ltr'>‘Beati</span> <span class='ocrx_word' id='word_1_193' title='bbox 1148 1744 1353 1779; x_wconf 84' lang='lat' dir='ltr'>pauperes,</span> <span class='ocrx_word' id='word_1_194' title='bbox 1379 1730 1474 1780; x_wconf 88' lang='lat' dir='ltr'>quia</span> <span class='ocrx_word' id='word_1_195' title='bbox 1493 1744 1578 1768; x_wconf 89' lang='lat' dir='ltr'>ues-</span> <span class='ocrx_word' id='word_1_196' title='bbox 1602 1741 1677 1770; x_wconf 76' lang='lat' dir='ltr'>Luc.</span> <span class='ocrx_word' id='word_1_197' title='bbox 1694 1742 1736 1770; x_wconf 84' lang='lat' dir='ltr'>vi.</span> <span class='ocrx_word' id='word_1_198' title='bbox 1769 1739 1771 1774; x_wconf 57' lang='grc' dir='ltr'><em>Ξ</em></span> 
     </span>
     <span class='ocr_line' id='line_1_25' title="bbox 319 1790 1704 1843; baseline -0.001 -11"><span class='ocrx_word' id='word_1_199' title='bbox 319 1797 431 1832; x_wconf 87' lang='lat' dir='ltr'>trum</span> <span class='ocrx_word' id='word_1_200' title='bbox 472 1796 533 1832; x_wconf 86' lang='lat' dir='ltr'>est</span> <span class='ocrx_word' id='word_1_201' title='bbox 571 1807 746 1843; x_wconf 85' lang='lat' dir='ltr'>regnum</span> <span class='ocrx_word' id='word_1_202' title='bbox 790 1792 1029 1831; x_wconf 85' lang='lat' dir='ltr'>caelorum¹¹</span> <span class='ocrx_word' id='word_1_203' title='bbox 1051 1794 1078 1840; x_wconf 82' lang='lat'>3&#39;</span> <span class='ocrx_word' id='word_1_204' title='bbox 1123 1795 1162 1831; x_wconf 86' lang='lat' dir='ltr'>et</span> <span class='ocrx_word' id='word_1_205' title='bbox 1201 1806 1222 1830; x_wconf 93' lang='lat' dir='ltr'>e</span> <span class='ocrx_word' id='word_1_206' title='bbox 1260 1795 1410 1841; x_wconf 85' lang='lat' dir='ltr'>contra,</span> <span class='ocrx_word' id='word_1_207' title='bbox 1451 1793 1578 1842; x_wconf 86' lang='lat' dir='ltr'>partis</span> <span class='ocrx_word' id='word_1_208' title='bbox 1601 1790 1704 1816; x_wconf 69' lang='lat'>²⁰&#39;24&#39;</span> 
     </span>
     <span class='ocr_line' id='line_1_26' title="bbox 318 1858 1578 1909; baseline -0.001 -12"><span class='ocrx_word' id='word_1_209' title='bbox 318 1860 506 1898; x_wconf 78' lang='lat' dir='ltr'>sinistrae</span> <span class='ocrx_word' id='word_1_210' title='bbox 532 1859 739 1909; x_wconf 84' lang='lat' dir='ltr'>proposito</span> <span class='ocrx_word' id='word_1_211' title='bbox 770 1858 1062 1896; x_wconf 87' lang='lat' dir='ltr'>nichilominus</span> <span class='ocrx_word' id='word_1_212' title='bbox 1090 1858 1417 1896; x_wconf 85' lang='lat' dir='ltr'>instituebantur</span> <span class='ocrx_word' id='word_1_213' title='bbox 1448 1872 1578 1896; x_wconf 83' lang='lat' dir='ltr'>exem-</span> 
     </span>
     <span class='ocr_line' id='line_1_27' title="bbox 316 1923 1576 1975; baseline -0.002 -12"><span class='ocrx_word' id='word_1_214' title='bbox 316 1926 412 1975; x_wconf 87' lang='lat' dir='ltr'>plo:</span> <span class='ocrx_word' id='word_1_215' title='bbox 447 1926 532 1963; x_wconf 86' lang='lat' dir='ltr'>‘Ue</span> <span class='ocrx_word' id='word_1_216' title='bbox 560 1925 678 1962; x_wconf 92' lang='lat' dir='ltr'>uobis</span> <span class='ocrx_word' id='word_1_217' title='bbox 709 1924 916 1972; x_wconf 85' lang='lat' dir='ltr'>diuitibus,</span> <span class='ocrx_word' id='word_1_218' title='bbox 944 1924 1037 1973; x_wconf 86' lang='lat' dir='ltr'>quia</span> <span class='ocrx_word' id='word_1_219' title='bbox 1066 1924 1224 1961; x_wconf 84' lang='lat' dir='ltr'>habetis</span> <span class='ocrx_word' id='word_1_220' title='bbox 1253 1923 1576 1961; x_wconf 90' lang='lat' dir='ltr'>consolationem</span> 
     </span>
     <span class='ocr_line' id='line_1_28' title="bbox 316 1988 1575 2038; baseline -0.002 -9"><span class='ocrx_word' id='word_1_221' title='bbox 316 1991 524 2029; x_wconf 83' lang='lat' dir='ltr'>uestram.&#39;</span> <span class='ocrx_word' id='word_1_222' title='bbox 582 1991 652 2028; x_wconf 87' lang='lat' dir='ltr'>An</span> <span class='ocrx_word' id='word_1_223' title='bbox 682 1990 786 2027; x_wconf 82' lang='lat' dir='ltr'>forte</span> <span class='ocrx_word' id='word_1_224' title='bbox 816 2002 968 2027; x_wconf 87' lang='lat' dir='ltr'>errasse</span> <span class='ocrx_word' id='word_1_225' title='bbox 998 2002 1041 2026; x_wconf 90' lang='lat' dir='ltr'>ac</span> <span class='ocrx_word' id='word_1_226' title='bbox 1073 1988 1333 2026; x_wconf 88' lang='lat' dir='ltr'>mendacium</span> <span class='ocrx_word' id='word_1_227' title='bbox 1369 1989 1575 2038; x_wconf 86' lang='lat' dir='ltr'>scripsisse</span> 
     </span>
     <span class='ocr_line' id='line_1_29' title="bbox 315 2054 1766 2112; baseline -0.001 -18"><span class='ocrx_word' id='word_1_228' title='bbox 315 2058 510 2106; x_wconf 84' lang='lat' dir='ltr'>putamus</span> <span class='ocrx_word' id='word_1_229' title='bbox 557 2056 796 2105; x_wconf 81' lang='lat' dir='ltr'>apostolum,</span> <span class='ocrx_word' id='word_1_230' title='bbox 854 2068 947 2092; x_wconf 85' lang='lat' dir='ltr'>cum</span> <span class='ocrx_word' id='word_1_231' title='bbox 995 2067 1068 2091; x_wconf 91' lang='lat' dir='ltr'>nos</span> <span class='ocrx_word' id='word_1_232' title='bbox 1115 2055 1342 2091; x_wconf 90' lang='lat' dir='ltr'>admonens</span> <span class='ocrx_word' id='word_1_233' title='bbox 1389 2054 1574 2093; x_wconf 86' lang='lat' dir='ltr'>dicebat:</span> <span class='ocrx_word' id='word_1_234' title='bbox 1765 2100 1766 2112; x_wconf 14' lang='grc' dir='ltr'><strong>χ</strong></span> 
     </span>
     <span class='ocr_line' id='line_1_30' title="bbox 321 2116 1803 2174; baseline 0 -15"><span class='ocrx_word' id='word_1_235' title='bbox 321 2123 514 2169; x_wconf 48' lang='lat' dir='ltr'>‘Fratres</span> <span class='ocrx_word' id='word_1_236' title='bbox 540 2121 667 2159; x_wconf 81' lang='lat' dir='ltr'>nolite</span> <span class='ocrx_word' id='word_1_237' title='bbox 686 2134 816 2158; x_wconf 82' lang='lat' dir='ltr'>errare</span> <span class='ocrx_word' id='word_1_238' title='bbox 834 2119 857 2167; x_wconf 75' lang='grc'>;’</span> <span class='ocrx_word' id='word_1_239' title='bbox 889 2119 1111 2168; x_wconf 84' lang='lat' dir='ltr'>statimque</span> <span class='ocrx_word' id='word_1_240' title='bbox 1131 2119 1366 2157; x_wconf 82' lang='lat' dir='ltr'>subtexuit:</span> <span class='ocrx_word' id='word_1_241' title='bbox 1405 2121 1413 2137; x_wconf 82' lang='lat'>‘</span> <span class='ocrx_word' id='word_1_242' title='bbox 1430 2119 1572 2168; x_wconf 88' lang='lat' dir='ltr'>Neque</span> <span class='ocrx_word' id='word_1_243' title='bbox 1600 2140 1609 2158; x_wconf 89' lang='lat'>1</span> <span class='ocrx_word' id='word_1_244' title='bbox 1627 2131 1696 2159; x_wconf 87' lang='lat' dir='ltr'>Cor.</span> <span class='ocrx_word' id='word_1_245' title='bbox 1712 2130 1766 2170; x_wconf 53' lang='lat' dir='ltr'>vij</span> <span class='ocrx_word' id='word_1_246' title='bbox 1792 2116 1803 2174; x_wconf 35' lang='lat' dir='ltr'>“j</span> 
     </span>
     <span class='ocr_line' id='line_1_31' title="bbox 313 2179 1681 2236; baseline -0.002 -11"><span class='ocrx_word' id='word_1_247' title='bbox 313 2188 435 2235; x_wconf 75' lang='lat' dir='ltr'>auari,</span> <span class='ocrx_word' id='word_1_248' title='bbox 462 2200 593 2236; x_wconf 85' lang='lat' dir='ltr'>neque</span> <span class='ocrx_word' id='word_1_249' title='bbox 613 2187 767 2233; x_wconf 86' lang='lat' dir='ltr'>ebriosi,</span> <span class='ocrx_word' id='word_1_250' title='bbox 794 2198 925 2234; x_wconf 85' lang='lat' dir='ltr'>neque</span> <span class='ocrx_word' id='word_1_251' title='bbox 953 2198 1113 2234; x_wconf 84' lang='lat' dir='ltr'>rapaces</span> <span class='ocrx_word' id='word_1_252' title='bbox 1141 2198 1314 2233; x_wconf 84' lang='lat' dir='ltr'>regnum</span> <span class='ocrx_word' id='word_1_253' title='bbox 1344 2184 1421 2222; x_wconf 90' lang='lat' dir='ltr'>Dei</span> <span class='ocrx_word' id='word_1_254' title='bbox 1448 2185 1570 2234; x_wconf 90' lang='lat' dir='ltr'>possi·</span> <span class='ocrx_word' id='word_1_255' title='bbox 1592 2179 1620 2206; x_wconf 72' lang='lat'>9,</span> <span class='ocrx_word' id='word_1_256' title='bbox 1642 2180 1681 2199; x_wconf 82' lang='lat'>¹⁰·</span> 
     </span>
     <span class='ocr_line' id='line_1_32' title="bbox 315 2250 1756 2300; baseline -0.002 -9"><span class='ocrx_word' id='word_1_257' title='bbox 315 2253 471 2291; x_wconf 85' lang='lat' dir='ltr'>debunt</span> <span class='ocrx_word' id='word_1_258' title='bbox 493 2253 524 2300; x_wconf 81' lang='lat'>3’</span> <span class='ocrx_word' id='word_1_259' title='bbox 564 2254 604 2290; x_wconf 91' lang='lat' dir='ltr'>et</span> <span class='ocrx_word' id='word_1_260' title='bbox 624 2252 773 2290; x_wconf 87' lang='lat' dir='ltr'>iterum</span> <span class='ocrx_word' id='word_1_261' title='bbox 793 2266 801 2289; x_wconf 76' lang='grc' dir='ltr'>ε</span> <span class='ocrx_word' id='word_1_262' title='bbox 838 2251 951 2289; x_wconf 72' lang='lat' dir='ltr'>‘Hoc</span> <span class='ocrx_word' id='word_1_263' title='bbox 971 2252 1108 2288; x_wconf 87' lang='lat' dir='ltr'>autem</span> <span class='ocrx_word' id='word_1_264' title='bbox 1129 2250 1283 2296; x_wconf 77' lang='lat' dir='ltr'>scitote,</span> <span class='ocrx_word' id='word_1_265' title='bbox 1305 2250 1413 2298; x_wconf 84' lang='lat' dir='ltr'>quod</span> <span class='ocrx_word' id='word_1_266' title='bbox 1435 2250 1571 2287; x_wconf 90' lang='lat' dir='ltr'>omnis</span> <span class='ocrx_word' id='word_1_267' title='bbox 1597 2260 1679 2295; x_wconf 82' lang='lat' dir='ltr'>Eph.</span> <span class='ocrx_word' id='word_1_268' title='bbox 1696 2269 1724 2288; x_wconf 91' lang='lat' dir='ltr'>v.</span> <span class='ocrx_word' id='word_1_269' title='bbox 1741 2268 1756 2295; x_wconf 87' lang='lat'><em>5</em></span> 
     </span>
    </p>
   </div>
   <div class='ocr_carea' id='block_1_4' title="bbox 313 2313 1709 2365">
    <p class='ocr_par' dir='ltr' id='par_1_5' title="bbox 313 2313 1709 2365">
     <span class='ocr_line' id='line_1_33' title="bbox 313 2313 1709 2365; baseline 0 -10"><span class='ocrx_word' id='word_1_270' title='bbox 313 2318 540 2365; x_wconf 84' lang='lat' dir='ltr'>fornicator,</span> <span class='ocrx_word' id='word_1_271' title='bbox 584 2320 654 2355; x_wconf 89' lang='lat' dir='ltr'>aut</span> <span class='ocrx_word' id='word_1_272' title='bbox 686 2317 938 2363; x_wconf 86' lang='lat' dir='ltr'>immundus,</span> <span class='ocrx_word' id='word_1_273' title='bbox 977 2317 1046 2353; x_wconf 87' lang='lat' dir='ltr'>aut</span> <span class='ocrx_word' id='word_1_274' title='bbox 1062 2314 1088 2333; x_wconf 73' lang='lat'>¹2</span> <span class='ocrx_word' id='word_1_275' title='bbox 1117 2328 1273 2362; x_wconf 88' lang='lat' dir='ltr'>auarus,</span> <span class='ocrx_word' id='word_1_276' title='bbox 1304 2313 1307 2365; x_wconf 92' lang='grc' dir='ltr'>Ι</span> <span class='ocrx_word' id='word_1_277' title='bbox 1333 2317 1403 2352; x_wconf 89' lang='lat' dir='ltr'>aut</span> <span class='ocrx_word' id='word_1_278' title='bbox 1435 2328 1568 2364; x_wconf 82' lang='lat' dir='ltr'>rapax,</span> <span class='ocrx_word' id='word_1_279' title='bbox 1596 2325 1616 2355; x_wconf 82' lang='lat' dir='ltr'>f.</span> <span class='ocrx_word' id='word_1_280' title='bbox 1633 2328 1669 2363; x_wconf 89' lang='lat'>96</span> <span class='ocrx_word' id='word_1_281' title='bbox 1683 2335 1709 2355; x_wconf 81' lang='lat' dir='ltr'>a.</span> 
     </span>
    </p>
   </div>
   <div class='ocr_carea' id='block_1_5' title="bbox 1750 0 1803 2887">
    <p class='ocr_par' dir='ltr' id='par_1_6' title="bbox 1750 0 1803 2887">
     <span class='ocr_line' id='line_1_34' title="bbox 1750 0 1803 2887; baseline 0 0"><span class='ocrx_word' id='word_1_282' title='bbox 1750 0 1803 2887; x_wconf 95' lang='lat' dir='ltr'>     </span> 
     </span>
    </p>
   </div>
   <div class='ocr_carea' id='block_1_6' title="bbox 309 2450 1572 2598">
    <p class='ocr_par' dir='ltr' id='par_1_7' title="bbox 309 2450 1572 2598">
     <span class='ocr_line' id='line_1_35' title="bbox 358 2450 1567 2492; baseline -0.004 -6"><span class='ocrx_word' id='word_1_283' title='bbox 358 2455 366 2472; x_wconf 88' lang='lat'>¹</span> <span class='ocrx_word' id='word_1_284' title='bbox 391 2456 546 2486; x_wconf 79' lang='lat' dir='ltr'>contrad.</span> <span class='ocrx_word' id='word_1_285' title='bbox 568 2455 722 2486; x_wconf 74' lang='lat' dir='ltr'>multum</span> <span class='ocrx_word' id='word_1_286' title='bbox 741 2455 787 2485; x_wconf 89' lang='grc' dir='ltr'>Μ.</span> <span class='ocrx_word' id='word_1_287' title='bbox 891 2452 902 2470; x_wconf 75' lang='lat'>²</span> <span class='ocrx_word' id='word_1_288' title='bbox 925 2454 1057 2492; x_wconf 85' lang='lat' dir='ltr'>seipsos</span> <span class='ocrx_word' id='word_1_289' title='bbox 1072 2461 1129 2482; x_wconf 82' lang='lat' dir='ltr'>om.</span> <span class='ocrx_word' id='word_1_290' title='bbox 1151 2452 1197 2482; x_wconf 88' lang='lat' dir='ltr'>M.</span> <span class='ocrx_word' id='word_1_291' title='bbox 1301 2450 1312 2468; x_wconf 82' lang='lat'>³</span> <span class='ocrx_word' id='word_1_292' title='bbox 1336 2461 1434 2490; x_wconf 84' lang='lat' dir='ltr'>quor.</span> <span class='ocrx_word' id='word_1_293' title='bbox 1449 2453 1502 2482; x_wconf 89' lang='lat' dir='ltr'>est</span> <span class='ocrx_word' id='word_1_294' title='bbox 1521 2452 1567 2482; x_wconf 91' lang='lat' dir='ltr'>M.</span> 
     </span>
     <span class='ocr_line' id='line_1_36' title="bbox 309 2504 1572 2545; baseline -0.002 -5"><span class='ocrx_word' id='word_1_295' title='bbox 309 2508 320 2526; x_wconf 85' lang='lat'><strong>⁴</strong></span> <span class='ocrx_word' id='word_1_296' title='bbox 345 2519 416 2540; x_wconf 92' lang='lat' dir='ltr'>non</span> <span class='ocrx_word' id='word_1_297' title='bbox 434 2510 547 2539; x_wconf 86' lang='lat' dir='ltr'>solum</span> <span class='ocrx_word' id='word_1_298' title='bbox 563 2519 619 2539; x_wconf 81' lang='lat' dir='ltr'>om.</span> <span class='ocrx_word' id='word_1_299' title='bbox 642 2509 689 2539; x_wconf 91' lang='lat' dir='ltr'>H.</span> <span class='ocrx_word' id='word_1_300' title='bbox 806 2510 817 2527; x_wconf 64' lang='grc' dir='ltr'><strong><em>ὃ</em></strong></span> <span class='ocrx_word' id='word_1_301' title='bbox 841 2509 876 2538; x_wconf 86' lang='lat' dir='ltr'>et</span> <span class='ocrx_word' id='word_1_302' title='bbox 892 2508 937 2539; x_wconf 87' lang='lat' dir='ltr'>H.</span> <span class='ocrx_word' id='word_1_303' title='bbox 1068 2507 1079 2524; x_wconf 71' lang='lat'><strong>⁶</strong></span> <span class='ocrx_word' id='word_1_304' title='bbox 1102 2515 1142 2536; x_wconf 85' lang='lat' dir='ltr'>ea</span> <span class='ocrx_word' id='word_1_305' title='bbox 1159 2515 1246 2544; x_wconf 86' lang='lat' dir='ltr'>quae</span> <span class='ocrx_word' id='word_1_306' title='bbox 1264 2505 1308 2535; x_wconf 89' lang='lat' dir='ltr'>M.</span> <span class='ocrx_word' id='word_1_307' title='bbox 1414 2504 1424 2521; x_wconf 79' lang='lat'><strong>⁷</strong></span> <span class='ocrx_word' id='word_1_308' title='bbox 1447 2506 1572 2545; x_wconf 85' lang='lat' dir='ltr'>-rigere</span> 
     </span>
     <span class='ocr_line' id='line_1_37' title="bbox 311 2557 1572 2598; baseline -0.003 -7"><span class='ocrx_word' id='word_1_309' title='bbox 311 2571 368 2592; x_wconf 77' lang='lat' dir='ltr'>om.</span> <span class='ocrx_word' id='word_1_310' title='bbox 390 2561 436 2598; x_wconf 80' lang='lat' dir='ltr'>M,</span> <span class='ocrx_word' id='word_1_311' title='bbox 454 2565 486 2591; x_wconf 75' lang='lat' dir='ltr'>at</span> <span class='ocrx_word' id='word_1_312' title='bbox 500 2564 557 2591; x_wconf 78' lang='lat' dir='ltr'>end</span> <span class='ocrx_word' id='word_1_313' title='bbox 574 2563 689 2598; x_wconf 70' lang='lat' dir='ltr'>osline.</span> <span class='ocrx_word' id='word_1_314' title='bbox 833 2559 843 2576; x_wconf 64' lang='grc' dir='ltr'>Β</span> <span class='ocrx_word' id='word_1_315' title='bbox 867 2560 927 2590; x_wconf 87' lang='lat' dir='ltr'>sed</span> <span class='ocrx_word' id='word_1_316' title='bbox 944 2569 986 2589; x_wconf 82' lang='lat' dir='ltr'>ex</span> <span class='ocrx_word' id='word_1_317' title='bbox 1002 2557 1048 2589; x_wconf 91' lang='lat' dir='ltr'>M.</span> <span class='ocrx_word' id='word_1_318' title='bbox 1182 2558 1193 2575; x_wconf 73' lang='lat'><strong>⁹</strong></span> <span class='ocrx_word' id='word_1_319' title='bbox 1215 2558 1260 2587; x_wconf 90' lang='lat' dir='ltr'>-ri</span> <span class='ocrx_word' id='word_1_320' title='bbox 1279 2557 1325 2588; x_wconf 90' lang='lat' dir='ltr'>M.</span> <span class='ocrx_word' id='word_1_321' title='bbox 1445 2557 1468 2575; x_wconf 87' lang='lat'>¹⁰</span> <span class='ocrx_word' id='word_1_322' title='bbox 1493 2558 1572 2588; x_wconf 84' lang='lat' dir='ltr'>sub·</span> 
     </span>
    </p>
   </div>
   <div class='ocr_carea' id='block_1_7' title="bbox 310 2611 1190 2646">
    <p class='ocr_par' dir='ltr' id='par_1_8' title="bbox 310 2611 1190 2646">
     <span class='ocr_line' id='line_1_38' title="bbox 310 2611 1190 2646; baseline -0.003 -1"><span class='ocrx_word' id='word_1_323' title='bbox 310 2615 413 2645; x_wconf 86' lang='lat' dir='ltr'>scrib·</span> <span class='ocrx_word' id='word_1_324' title='bbox 432 2615 477 2646; x_wconf 90' lang='lat' dir='ltr'>M.</span> <span class='ocrx_word' id='word_1_325' title='bbox 629 2614 652 2632; x_wconf 89' lang='lat'>¹¹</span> <span class='ocrx_word' id='word_1_326' title='bbox 674 2614 730 2644; x_wconf 73' lang='lat' dir='ltr'>dei</span> <span class='ocrx_word' id='word_1_327' title='bbox 748 2613 792 2645; x_wconf 88' lang='lat' dir='ltr'>M.</span> <span class='ocrx_word' id='word_1_328' title='bbox 945 2612 969 2629; x_wconf 79' lang='lat'>¹²</span> <span class='ocrx_word' id='word_1_329' title='bbox 991 2614 1049 2643; x_wconf 76' lang='lat' dir='ltr'>aut</span> <span class='ocrx_word' id='word_1_330' title='bbox 1067 2622 1124 2643; x_wconf 81' lang='lat' dir='ltr'>om.</span> <span class='ocrx_word' id='word_1_331' title='bbox 1144 2611 1190 2642; x_wconf 91' lang='lat' dir='ltr'>M.</span> 
     </span>
    </p>
   </div>
   <div class='ocr_carea' id='block_1_8' title="bbox 1755 1646 1773 2839">
    <p class='ocr_par' dir='ltr' id='par_1_9' title="bbox 1755 1646 1773 2839">
     <span class='ocr_line' id='line_1_39' title="bbox 1755 1646 1773 2839; baseline 0 0"><span class='ocrx_word' id='word_1_332' title='bbox 1755 1646 1773 2839; x_wconf 95' lang='lat' dir='ltr'> </span> 
     </span>
    </p>
   </div>
  </div>
 </body>
</html>
