1803 2887
205 162 281 192 Cu.
300 157 422 199 xxv]
601 149 751 193 Gentis
783 151 822 192 A
832 149 1051 205 mylorum.
1401 152 1455 191 45

204 266 275 315 qui
303 267 353 305 ad
387 267 614 305 confinium
644 280 774 315 usque
804 266 1020 304 Humbrae
1050 265 1237 303 fluminis
1269 266 1452 313 maximi7

203 344 283 380 quo
321 332 539 370 meridiani
577 334 615 370 et
657 331 994 380 septentrionales
1030 331 1265 380 Anglorum
1313 332 1456 380 populi

202 397 464 445 dirimuntur⁷
500 397 603 435 fines
634 397 797 445 imperii
829 397 1068 434 tetenderat.
1126 397 1202 434 Est
1232 398 1371 434 autem
1405 397 1455 434 ad

201 463 440 501 orientalem
457 462 622 501 Cantiae
641 462 804 511 plagam
820 462 998 499 Tanatos
1017 461 1153 499 insula
1174 476 1258 500 11011
1279 462 1451 509 modica,

200 527 241 565 id
262 530 323 565 est
342 527 642 577 magnitudinis
662 527 776 565 iuxta
795 527 1137 565 consuetudinem
1156 527 1456 565 aestimationis

200 594 445 643 Anglorum,
469 593 722 631 familiarum
742 593 894 640 Dorum,
916 606 1039 641 quam
1058 606 1081 630 a
1101 593 1331 631 continenti
1351 595 1457 630 terra

200 659 373 696 secernit
393 659 545 696 fluuius
566 657 839 706 Uantsumu1,
865 658 936 707 qui
957 660 1018 695 est
1045 657 1277 696 latitudinis
1298 658 1458 696 circiter

199 723 326 762 trium
350 725 586 771 stadiorum,
611 726 651 762 et
675 724 835 762 duobus
860 726 1026 762 tantum
1051 723 1096 761 in
1123 724 1222 761 locis
1246 727 1307 761 est
1329 726 1455 762 trans-

199 789 410 836 meabilis3
449 792 673 838 utrumque
707 789 818 827 enim
854 791 973 838 caput
1006 789 1215 838 protendit
1248 789 1292 826 in
1331 803 1454 827 mare.

200 854 252 892 In
280 855 355 892 hac
385 868 478 904 ergo
513 855 709 904 adplicuit
740 868 882 892 seruus
911 854 1081 892 Domini
1109 855 1380 904 Augustinus,
1416 857 1455 893 et

199 920 295 957 socii
333 920 429 968 eius,
471 921 562 961 uiri,
605 923 652 958 ut
689 920 837 968 ferunt,
879 920 1009 958 ferme
1048 920 1136 958 XL.
1194 921 1455 968 Acceperunt

199 987 348 1032 autem,
368 986 639 1035 praecipiente
651 986 769 1024 beato
785 999 887 1034 papa
904 985 1110 1035 Gregorio,
1131 985 1181 1022 de
1196 987 1318 1034 gente
1334 985 1455 1022 Fran-

199 1064 339 1088 corum
359 1051 602 1100 interpretes
620 1066 628 1099 3
659 1053 699 1089 et
719 1051 891 1088 mittens
911 1051 961 1088 ad
981 1049 1321 1088 Aedilberctum2
1342 1064 1452 1088 man-

199 1116 313 1154 dauit
329 1129 371 1154 se
396 1114 400 1167 Ι
427 1117 590 1154 uenisse
605 1117 654 1154 de
670 1117 811 1164 Roma⁷
835 1129 879 1153 ac
897 1115 1092 1153 nuntium
1107 1116 1214 1153 ferre
1234 1116 1451 1165 optimum,

199 1181 269 1230 qui
297 1182 376 1219 sibi
405 1182 785 1231 obtemperantibus
810 1184 975 1219 aeterna
1001 1181 1045 1219 in
1073 1181 1194 1219 caelis
1223 1181 1378 1230 gaudia,
1414 1184 1454 1220 et

198 1259 372 1296 regnum
399 1247 487 1285 sine
516 1248 598 1285 fine
625 1261 719 1285 011111
740 1248 826 1285 Deo
853 1247 950 1284 uiuo
971 1248 1011 1284 et
1030 1259 1128 1284 uero
1154 1246 1342 1285 futurum
1366 1247 1454 1285 sine

198 1312 283 1350 ulla
303 1313 509 1351 dubietate
527 1313 798 1362 promitteret.
857 1313 946 1361 Qui,
966 1312 1063 1350 haec
1082 1312 1262 1360 audiens,
1286 1325 1453 1350 manere

196 1377 291 1415 illos
327 1377 373 1415 in
407 1392 462 1427 ea,
499 1392 623 1427 quam
649 1378 844 1426 adierant,
880 1378 1027 1423 insula,
1055 1379 1096 1415 et
1130 1378 1189 1415 eis
1226 1379 1450 1416 necessaria

198 1443 439 1492 ministrari,
483 1444 611 1482 donec
648 1444 842 1491 1111101013,
886 1443 984 1492 quid
1019 1443 1079 1480 eis
1116 1443 1278 1490 faceret⁷
1320 1443 1449 1482 iussit.

199 1508 306 1546 Nam
345 1511 384 1547 et
421 1512 539 1547 antea
576 1509 685 1547 fama
723 1510 772 1547 ad
814 1522 909 1547 eum
948 1508 1204 1547 Christianae
1242 1509 1454 1558 religionis

198 1576 448 1622 peruenerat,
474 1577 616 1623 utpote
637 1575 707 1624 qui
727 1578 767 1612 et
787 1587 958 1612 uxorem
983 1574 1158 1612 habebat
1178 1574 1455 1612 Christianam

199 1639 248 1676 de
267 1642 388 1689 gente
409 1640 658 1678 Francorum
678 1640 798 1690 regia,
822 1640 1020 1678 uocabulo
1041 1640 1211 1678 Bercta⁴
1227 1654 1236 1687 3
1267 1653 1389 1689 quam
1410 1654 1455 1678 ea

200 1705 436 1743 condicione
466 1719 489 1743 a
521 1706 758 1754 parentibus
791 1708 1005 1755 acceperat,
1040 1708 1086 1744 ut
1120 1706 1247 1743 ritum
1281 1705 1377 1743 fidei
1410 1719 1454 1743 ac

198 1769 409 1819 religionis
435 1784 530 1808 suae
554 1784 648 1808 cum
674 1771 873 1820 episcopo,
899 1785 1022 1820 quem
1044 1771 1081 1809 ei
1103 1771 1333 1809 adiutorem
1358 1770 1455 1808 fidei

198 1835 404 1883 dederant,
430 1836 598 1874 nomine
618 1837 865 1885 Liudhardo,
885 1836 1132 1875 inuiolatum
1153 1849 1315 1874 seruare
1334 1836 1455 1874 licen-

198 1901 299 1938 tiam
320 1902 500 1940 haberet.

250 1967 350 2005 Post
371 1967 456 2005 dies
476 1981 569 2017 ergo
589 1967 705 2005 uenit
724 1968 773 2006 ad
793 1968 973 2006 insulam
997 1981 1079 2016 rex,
1104 1970 1144 2005 et
1170 1967 1352 2005 residens
1378 1968 1454 2006 sub

196 2032 302 2080 diuo,
338 2033 456 2071 iussit
484 2033 769 2082 Augustinum
797 2047 891 2072 cum
921 2034 1039 2072 sociis
1069 2034 1119 2071 ad
1146 2045 1268 2070 suum
1301 2033 1453 2071 ibidem

195 2098 387 2136 aduenire
416 2098 676 2148 colloquium.
737 2099 907 2138 Cauerat
937 2099 1049 2136 enim
1062 2099 1085 2147 ⁵,
1119 2112 1171 2136 ne
1199 2098 1244 2136 in
1273 2098 1453 2148 aliquam

197 2164 366 2201 domum
387 2165 436 2202 ad
458 2178 500 2202 se
520 2164 745 2213 introirent,
766 2167 903 2203 uetere
923 2178 1023 2203 usus
1042 2164 1222 2214 augurioy
1242 2178 1295 2202 ne
1314 2178 1453 2214 super-

196 2232 324 2267 uentu
366 2243 451 2277 suo,
495 2229 629 2279 siquid
668 2230 868 2268 malificae
909 2230 1009 2268 artis
1054 2229 1304 2277 habuissent,
1357 2243 1453 2267 eum

196 2296 423 2344 superando
465 2295 706 2344 deciperent.
777 2297 836 2334 At
872 2296 935 2333 illi
972 2309 1056 2334 non
1095 2296 1339 2344 daemonica,
1383 2296 1453 2333 sed

196 2359 337 2398 diuina
364 2360 517 2398 uirtute
542 2361 725 2409 praediti,
756 2361 977 2399 ueniebant
1007 2374 1168 2399 crucem
1198 2375 1271 2411 pro
1300 2361 1452 2400 uexillo

240 2468 250 2486 ¹
273 2471 322 2500 sic
338 2470 382 2500 M.
400 2471 440 2501 N.
461 2471 501 2501 B¹
521 2481 528 2509 ;
551 2473 766 2502 uuantsemu
783 2470 847 2511 B2;
870 2473 1086 2502 uuantsamu
1103 2472 1140 2503 C.
1229 2471 1241 2488 ²
1264 2472 1452 2503 -berictum

198 2521 228 2551 N
243 2532 250 2560 3
274 2521 524 2554 aebilberctum
539 2522 580 2553 Β3
593 2523 638 2563 (P)
654 2533 662 2561 ;
686 2524 965 2555 aebilberchtum
983 2523 1019 2555 C.
1036 2534 1062 2555 v.
1080 2534 1106 2556 s,
1211 2523 1223 2541 ³
1245 2524 1378 2555 uiderit
1392 2524 1452 2555 M1.

196 2572 207 2589 ἕ
230 2573 374 2604 berchta
392 2574 427 2605 C.
539 2574 551 2593 ⁵
574 2576 694 2606 autem
711 2575 747 2607 C.

1479 931 1657 965 Reception

1479 970 1521 1004 by
1532 971 1644 998 Ethel-

1479 1010 1549 1037 bert
1565 1009 1601 1036 of

1479 1049 1576 1077 Kent.
