1803 2887
246 172 323 204 CAP.
340 168 481 210 XXIX.]
649 161 799 204 Gentis
829 162 902 202 An
908 161 1098 216 ylorum.
1421 165 1501 205 197

244 280 350 316 tatur
376 278 436 315 die
464 289 507 315 ac
535 280 640 315 noete
668 278 719 315 ad
740 277 861 324 fidem
890 278 1110 315 catholicam
1131 281 1242 325 atque
1261 280 1499 326 apostolicam

235 355 308 390 pro
332 354 425 380 suae
444 343 597 380 animae
622 343 848 380 redemtione
866 344 1044 380 conuerti.
1107 343 1200 391 Quis
1219 345 1319 381 enim
1340 345 1503 382 audiens

243 408 334 445 haee
361 408 502 445 suauia
528 419 607 445 non
635 408 824 445 laetetur?
881 407 975 455 Quis
996 420 1074 445 non
1103 409 1240 446 exultet
1271 411 1306 446 et
1334 409 1502 456 yaudeat

50 477 71 504 f·
88 478 124 513 69
141 486 167 505 a.
242 474 286 510 in
303 473 456 519 hispiis
473 473 674 519 operibus?
699 470 703 522 Ι
731 472 830 520 Quia
859 475 894 510 et
918 485 1012 521 qens
1035 471 1187 511 uestra¹
1210 473 1358 512 Christo
1386 475 1502 511 omni-

232 538 382 585 potenti
416 538 498 575 Deo
535 537 694 575 credidit
729 538 937 575 seeundum
980 538 1202 576 diuinorum
1229 540 1500 586 prophetarum

49 607 148 636 Is-xi-
168 617 199 636 10
241 614 358 650 uoces,
393 604 491 640 sicut
519 604 703 650 scriptum
736 605 791 640 est
828 603 870 639 in
898 603 1037 640 Isaia:
1083 604 1159 640 ‘In
1189 604 1250 642 die
1284 605 1350 642 illa
1387 605 1502 642 radix

240 669 355 715 Iesse,
373 669 438 715 qui
457 671 535 705 stat
548 669 591 705 sin
609 669 764 716 sianum
775 669 1018 716 populorum,
1042 669 1167 716 ipsum
1185 672 1315 717 ⁸(Jentes
1335 670 1501 717 depreca-

48 734 212 762 ib.xux.1.
241 734 406 771 buntur.’
478 734 536 770 Et
574 734 736 770 iterum:
788 732 961 771 ‘Audite
997 734 1157 781 insulae,
1201 734 1258 772 et²
1307 735 1502 773 adtendite

47 807 88 835 ib.
104 808 129 834 6.
231 800 365 846 populi
386 799 430 836 de
449 798 579 847 lonye?
634 799 691 836 Et
710 801 800 845 post
819 799 1054 845 paululum3
1073 813 1084 836 .·
1118 800 1288 837 ‘Parum
1300 800 1340 847 ⁴,'
1362 802 1496 848 inquit,

245 864 333 911 ‘est,
353 867 398 901 ut
426 865 523 901 mihi
551 865 606 902 sis
637 875 770 902 seruus
804 865 856 901 ad
887 865 1130 903 suscitandas
1162 866 1285 903 tribus
1314 867 1440 914 Iacob,
1467 870 1501 904 et

230 930 336 977 feces
353 930 479 967 Israel
497 930 778 967 con-uertendas.
838 930 941 967 Dedi
972 933 1006 968 te
1032 931 1074 967 vin
1103 931 1223 968 lucem
1248 932 1432 979 yentium,
1456 935 1500 969 ut

4 1023 6 1025 .
46 998 87 1026 ib·
106 1008 128 1034 7Α
238 997 291 1034 sis
309 996 416 1034 salus
440 1007 525 1033 mea
550 1007 668 1043 usque
697 995 748 1032 ad
773 998 979 1033 extremum
994 996 1007 1014 5
1028 996 1175 1034 terrae.’
1239 997 1297 1034 Et
1314 1009 1469 1035 mersum
1487 1011 1498 1035 .·

242 1061 378 1109 ‘Reges
390 1062 586 1108 uidebunt,
611 1064 646 1099 et
659 1064 884 1109 eonsuryent
894 1062 1096 1108 principes,
1115 1065 1149 1100 et
1163 1062 1404 1100 adorabunt.'
1442 1063 1498 1100 Et

46 1129 86 1157 ib*
104 1131 163 1165 8‚9
228 1129 319 1173 post
338 1128 554 1173 gnisillum:
601 1127 727 1164 ‘Dedi
757 1129 792 1164 te
821 1127 861 1163 in
882 1127 1025 1173 foedus
1044 1128 1188 1175 populi,
1219 1130 1263 1165 ut
1295 1129 1499 1166 suscitares

238 1195 388 1239 terram,
414 1192 470 1230 et⁶
481 1192 695 1239 possideres
713 1192 940 1229 hereditates
970 1192 1185 1240 dissipatas,
1211 1196 1245 1230 et
1265 1194 1406 1231 diceres
1423 1194 1492 1240 his,

237 1258 303 1305 qui
326 1259 449 1295 uincti
472 1261 565 1295 sunt
579 1271 590 1295 .·
622 1257 814 1304 ιζΕἶ)ι’ἰΐθ,”
834 1260 869 1295 ct
887 1257 956 1304 his,
981 1259 1046 1304 qui
1065 1259 1107 1295 'in
1128 1259 1290 1296 tenebris
1307 1272 1318 1295 .·
1343 1258 1497 1297 “Reue-

45 1327 210 1364 ib.xlii6‚
237 1324 433 1361 lamini.”'
506 1324 564 1361 Et
599 1336 784 1361 rursum:
830 1323 940 1371 ‘Eyo
977 1324 1171 1362 Dominus
1207 1326 1346 1362 uocaui
1384 1328 1418 1362 te
1455 1326 1495 1362 in

46 1376 67 1402 ⁷¹
234 1390 395 1436 iustitia,
421 1392 455 1426 et
480 1389 713 1436 adprehendi
732 1400 893 1426 manum
913 1392 1030 1436 tuam,
1056 1392 1091 1427 et
1109 1391 1276 1438 seruaui,
1302 1393 1336 1427 et
1356 1390 1444 1427 dedi
1464 1393 1497 1428 te

234 1455 278 1492 in
305 1455 448 1501 foedus
469 1455 612 1502 populi,
651 1455 694 1491 in
725 1455 843 1492 lucem
874 1456 1057 1502 yentium,
1088 1457 1133 1492 ut
1170 1456 1335 1502 aperires
1373 1456 1497 1493 oculos

233 1532 438 1568 caecorum⁷
477 1523 512 1558 et
541 1521 714 1558 educeres
747 1520 792 1557 de
823 1521 1058 1558 conclusione
1086 1521 1271 1568 uinctum,
1307 1521 1352 1558 de
1390 1521 1496 1558 domo

233 1586 395 1623 carceris
426 1586 596 1623 sedentes
626 1586 669 1622 m
699 1585 887 1623 tenebris?
942 1586 1051 1633 Ecce,
1088 1587 1394 1624 excellentissime
1416 1587 1491 1633 fili,

233 1663 349 1698 quam
378 1651 458 1688 luce
486 1652 626 1688 clarius
655 1654 717 1698 est,
741 1663 818 1688 non
845 1651 967 1689 solum
997 1652 1042 1689 de
1070 1653 1188 1699 uobis,
1214 1653 1280 1690 sed
1307 1653 1423 1690 etiam
1452 1653 1497 1690 de

232 1717 407 1754 omnibus
434 1717 701 1763 prophetatum
732 1717 918 1764 yentibzae,
955 1718 1054 1764 quod
1091 1719 1169 1755 sint
1205 1718 1419 1756 crediturae
1455 1718 1497 1754 in

235 1782 381 1821 Christo
414 1783 586 1820 omnium
617 1782 816 1819 conditore.
875 1781 1120 1830 Quamobrem
1158 1786 1298 1829 oportet
1326 1786 1495 1821 uestram

232 1848 503 1894 celsitudinem,
533 1850 657 1894 utpote
686 1848 895 1885 membrum
925 1849 1087 1886 existens
1119 1848 1270 1895 Christi,
1298 1850 1341 1885 in
1372 1850 1492 1886 omni-

233 1914 302 1950 bus
320 1914 432 1960 piam
454 1914 623 1961 reyulam
651 1913 755 1960 sequi
774 1914 995 1959 perenniter
1011 1914 1200 1960 principis
1229 1915 1488 1961 apostolorum,

232 1979 313 2016 siue
341 1980 383 2016 in
398 1979 545 2026 pascha
573 1979 836 2016 celebrandum
848 1978 872 2025 ⁷,
901 1980 983 2016 siue
1016 1980 1057 2016 vin
1087 1981 1272 2028 omnibus,
1297 1992 1393 2027 quae
1421 1984 1493 2018 tra·

234 2045 414 2082 diderunt
452 2045 579 2083 saneti
616 2045 776 2091 apostoli
813 2045 952 2082 Petrus
986 2047 1020 2082 et
1047 2045 1206 2092 Paulus,
1245 2047 1310 2093 qui
1340 2049 1385 2083 ut
1418 2047 1492 2084 duo

233 2110 443 2147 luminaria
464 2111 556 2147 caeli
585 2110 821 2147 inluminant
850 2110 1048 2157 mmulum,
1072 2111 1127 2147 sic
1157 2111 1329 2148 doctrina
1362 2123 1490 2149 eorum

220 2175 347 2212 'corda
369 2176 567 2213 hominum
588 2175 723 2213 cotidie
742 2170 925 2213 inlustrat
943 2176 1203 2214 credentium.’

287 2240 340 2277 Et
368 2243 461 2289 post
490 2240 700 2287 nonnulla,
725 2240 872 2289 quibus
902 2240 951 2278 de
980 2240 1220 2279 celebrando
1248 2255 1321 2291 per
1351 2242 1491 2280 orbem

231 2306 368 2343 ‘cotum
390 2319 474 2343 uno
499 2319 596 2343 uero
621 2306 769 2354 pascha
797 2305 1007 2354 loquitur:

291 2371 520 2409 ‘Hominem
550 2372 734 2419 denique?
756 2372 900 2420 inquit,
935 2372 1151 2410 ‘docibilem
1181 2376 1216 2411 et
1245 2374 1288 2410 in
1316 2374 1491 2411 omnibus

278 2482 289 2500 ¹
311 2493 374 2523 pro
387 2486 516 2515 inserted
532 2486 624 2522 before
641 2485 792 2524 Christo,
811 2488 876 2515 and
898 2487 966 2515 then
981 2487 1082 2514 struck
1098 2489 1148 2515 out
1164 2484 1211 2516 M.
1423 2484 1435 2501 ‘²
1457 2487 1490 2515 et

233 2549 293 2569 om.
309 2538 356 2570 M.
475 2538 486 2555 ³
509 2540 655 2578 paulum
671 2539 715 2570 N.
833 2538 845 2556 ¹
868 2549 1019 2579 paruum
1036 2539 1078 2570 N.
1198 2539 1209 2556 ⁵
1233 2540 1426 2570 extrimum
1445 2539 1490 2570 M.

233 2589 244 2606 ⁶
268 2592 307 2621 ut
324 2591 366 2621 N.
498 2589 510 2607 ⁷
536 2592 594 2622 -do
611 2591 651 2621 D.
670 2592 730 2632 ΗΞ.
