1803 2887
307 179 391 219 202
662 176 709 216 H
712 176 788 217 isto
796 175 867 217 rid
898 174 1204 217 Ecclesictstica
1399 181 1484 222 [Lm.
1504 182 1559 216 IV.

307 292 429 330 tolico
450 292 651 341 patefecit,
677 304 760 328 non
781 291 914 328 multo
934 292 1026 339 post
1048 292 1088 328 et
1108 290 1206 339 ipse,
1232 290 1273 326 et
1292 302 1434 327 omnes
1455 302 1559 338 pene

307 357 485 406 quicum
505 370 551 394 eo
564 357 816 394 aduenerant
835 356 933 393 socii
946 355 969 403 ¹,
989 354 1225 404 pestilentia
1245 354 1561 404 superueniente

308 422 433 460 deleti
453 424 561 460 sunt.

362 489 419 525 At
442 487 688 536 apostolicus
712 499 817 536 papa
836 485 977 524 habito
998 486 1047 523 de
1067 485 1133 522 his
1153 485 1333 533 consilio,
1359 484 1563 534 quaesiuit

308 553 485 601 sedulus,
531 565 654 602 quem
702 551 882 589 ecclesiis
929 550 1164 600 Anglorum
1211 550 1563 599 archiepiscopum

81 635 185 661 Abbot
308 619 504 656 mitteret.
566 618 666 655 Erat
690 619 829 655 autem
855 616 898 654 in
926 616 1175 654 monasterio
1196 615 1395 654 Niridano
1407 615 1430 663 ²,
1456 615 1564 664 quod

81 673 238 702 Hadrian.
309 686 371 722 est
390 697 474 721 non
496 684 616 732 longe
642 696 665 720 a
685 682 858 731 Neapoli
881 681 1139 730 Campaniae,
1168 680 1292 719 abbas
1312 680 1559 728 Hadrianus,

308 749 374 786 uir
412 749 580 786 natione
619 748 744 795 Afir3,
780 747 904 785 sacris
942 746 1094 784 litteris
1124 746 1342 795 diligenter
1378 746 1561 794 inbutus,

309 813 667 852 monasterialibus
714 812 839 850 simul
886 814 926 849 et
984 811 1290 849 ecclesiast-icis⁴
1338 810 1567 860 disciplinis

310 880 538 926 institutus,
575 879 727 917 Grecae
757 877 909 927 pariter
941 879 981 915 et
1012 878 1183 915 Latinae
1216 877 1380 926 linguae
1412 876 1568 925 peritis-

311 947 450 983 simus.
512 944 639 982 Hunc
673 944 723 982 ad
758 956 801 981 se
834 943 1010 981 accitum
1043 956 1148 992 papa
1181 942 1300 980 iussit
1334 942 1567 992 episcopatu

311 1012 476 1059 accepto
509 1009 761 1047 Brittaniam
793 1009 944 1047 uenire.
1007 1008 1087 1056 Qui
1116 1008 1336 1057 indignum
1375 1021 1417 1045 se
1452 1009 1568 1045 tanto

311 1076 455 1126 gradui
492 1075 755 1124 respondens,
793 1074 1008 1112 ostendere
1046 1087 1164 1123 posse
1202 1087 1244 1111 se
1282 1073 1387 1111 dixit
1424 1073 1564 1121 alium,

313 1142 429 1180 cuius
448 1142 579 1190 magis
608 1140 658 1177 ad
687 1139 994 1188 suscipiendum
1021 1140 1302 1188 episcopatum
1328 1141 1369 1177 et
1395 1138 1570 1176 eruditio

316 1207 566 1253 conueniret,
603 1207 644 1243 et
676 1207 796 1243 aetaS.
858 1206 1045 1254 Oumque
1078 1205 1329 1243 monachum
1363 1204 1571 1254 quendam

315 1274 364 1311 de
400 1272 536 1310 uicino
577 1270 789 1320 uirginum
834 1270 1092 1319 monasterio,
1136 1270 1305 1308 nomine
1342 1270 1566 1317 Andream,

314 1337 503 1387 pontifici
529 1337 702 1383 offerret,
727 1336 795 1373 hic
823 1336 873 1374 ab
900 1336 1104 1383 omnibus,
1134 1336 1204 1385 qui
1230 1348 1389 1383 nouere,
1422 1335 1572 1384 dignus

315 1404 549 1453 episcopatu
579 1402 782 1440 iudicat-us
813 1403 885 1439 est.
947 1402 1106 1440 Uerum
1139 1402 1327 1451 pondus5
1361 1413 1573 1450 corporeae

315 1467 581 1515 infirmitatis,
625 1480 677 1504 ne
716 1466 930 1515 episcopus
968 1466 1056 1504 fieri
1093 1468 1242 1515 posset,
1286 1465 1458 1504 obstitit.
1519 1464 1574 1502 Et

315 1546 482 1571 rursum
503 1531 742 1570 Hadrianus
763 1532 812 1569 ad
833 1532 1140 1581 suscipiendum
1161 1531 1439 1581 episcopatum
1458 1532 1574 1568 actus

317 1601 377 1638 est
398 1614 407 1647 ;
437 1598 508 1648 qui
527 1599 673 1647 petens
697 1597 888 1645 indutias,
913 1597 947 1635 si
974 1598 1079 1635 forte
1105 1597 1244 1645 alium,
1269 1597 1341 1647 qui
1361 1596 1573 1646 episcopus

317 1665 584 1711 ordinaretur,
609 1676 657 1700 ex
679 1664 862 1712 tempore
881 1665 1018 1711 posset
1037 1663 1235 1701 inuenire.

89 1739 297 1768 Theodoreof
372 1731 472 1768 Erat
518 1729 607 1778 ipso
656 1730 842 1777 tempore
889 1729 1043 1766 Romae
1089 1728 1316 1766 monachus
1363 1728 1574 1766 Hadriano

88 1781 294 1847 ’ςῗζξῗζίἕοᾙ
319 1798 453 1841 notus,
475 1795 645 1833 nomine
672 1795 919 1843 Theodorus,
953 1796 1075 1832 natus
1099 1795 1223 1832 Tarso
1250 1793 1426 1842 Ciliciae,
1448 1792 1513 1831 uir
1536 1793 1575 1830 et

90 1859 285 1893 archbishop
319 1861 517 1900 saeculari
546 1863 586 1899 et
616 1861 757 1898 diuina
783 1860 1023 1909 litteratura,
1054 1861 1096 1898 et
1125 1861 1252 1898 Grece
1279 1859 1506 1897 instructus
1535 1860 1576 1896 et

91 1899 239 1973 ‘antgl-ffffll,
320 1928 477 1975 Latine,
506 1927 658 1976 probus
687 1926 882 1974 moribus,
916 1928 956 1964 et
989 1927 1120 1964 aetate
1150 1926 1419 1973 uenerandus,
1443 1924 1485 1962 id
1515 1925 1577 1962 est

93 1977 207 2043 gsszg'reh
223 1977 264 2011 ²⁶³
320 2007 451 2032 annos
493 1993 650 2030 habens
696 1991 841 2029 aetatis
888 1992 965 2029 LX
1011 1993 1052 2029 et
1093 1991 1166 2029 VI.
1229 1991 1355 2028 Hunc
1402 1990 1578 2028 offerens

321 2059 560 2097 Hadrianus
579 2058 776 2107 pontifici,
796 2059 842 2095 ut
858 2057 1069 2106 episcopus
1085 2056 1352 2104 ordinaretur,
1372 2055 1552 2093 obtinuit
1569 2069 1577 2102 ;

321 2125 388 2162 his
430 2126 569 2162 tamen
612 2123 919 2161 condicionibus
963 2122 1229 2171 interpositis,
1272 2123 1318 2159 ut
1356 2121 1444 2170 ipse
1481 2134 1578 2158 eum

322 2190 562 2240 perduceret
597 2188 856 2236 Brittaniam,
895 2201 941 2226 eo
976 2187 1084 2236 quod
1114 2186 1198 2224 iam
1226 2186 1288 2224 bis
1316 2188 1452 2235 partes
1484 2186 1579 2224 Gal-

323 2257 473 2294 liarum
505 2255 679 2292 diuersis
712 2267 761 2292 ex
792 2253 924 2291 causis
953 2253 1114 2300 adisset,
1153 2254 1193 2290 et
1225 2252 1276 2289 ob
1310 2252 1352 2289 id
1383 2251 1580 2289 maiorem

324 2321 448 2359 huius
468 2321 628 2358 itineris
647 2320 867 2369 peragendi
888 2318 1078 2357 notitiam
1098 2318 1276 2366 haberet,
1294 2317 1580 2366 sufficiensque

325 2388 431 2424 esset
464 2386 508 2424 in
538 2386 791 2435 possessione
817 2385 1037 2423 hominum
1068 2383 1352 2433 propriorum3
1390 2385 1432 2421 et
1464 2384 1511 2420 ut
1544 2381 1582 2419 ei

370 2500 379 2517 ¹
404 2502 488 2531 socii
505 2502 580 2531 eius
597 2501 634 2532 C.
652 2499 706 2532 B2.
828 2500 840 2517 2
863 2502 912 2531 sic
928 2500 969 2532 Β.
986 2499 1024 2531 C.
1040 2499 1108 2531 AS.
1126 2499 1177 2538 Ol.
1195 2499 1298 2538 03-11.
1324 2499 1439 2539 O„-15.
1457 2499 1498 2530 D.
1516 2498 1556 2537 R,
1575 2508 1583 2536 ;

327 2553 494 2585 hiridano
512 2554 559 2584 M.
576 2553 617 2584 N.
635 2553 680 2594 Al
697 2563 704 2591 3
729 2552 869 2583 iridano
886 2552 947 2590 Hl.
1047 2551 1059 2571 3
1083 2551 1157 2582 afer
1174 2550 1235 2583 ΜΞ.
1252 2550 1309 2582 N2’.
1413 2551 1423 2569 ⁴
1447 2560 1520 2582 -cae
1537 2550 1583 2581 M.

327 2606 338 2623 5
361 2605 508 2645 pondus,
528 2608 625 2636 added
641 2616 679 2635 on
696 2607 820 2643 maryin
836 2605 883 2636 M.
