<?xml version="1.0" encoding="UTF-8"?>
<!DOCTYPE html PUBLIC "-//W3C//DTD XHTML 1.0 Transitional//EN"
    "http://www.w3.org/TR/xhtml1/DTD/xhtml1-transitional.dtd">
<html xmlns="http://www.w3.org/1999/xhtml" xml:lang="en" lang="en">
 <head>
  <title>
</title>
<meta http-equiv="Content-Type" content="text/html;charset=utf-8" />
  <meta name='ocr-system' content='tesseract 3.04.00' />
  <meta name='ocr-capabilities' content='ocr_page ocr_carea ocr_par ocr_line ocrx_word'/>
</head>
<body>
  <div class='ocr_page' id='page_1' title='image "./venerabilisbaeda00bedeuoft_0188.png"; bbox 0 0 1788 2928; ppageno 0'>
   <div class='ocr_carea' id='block_1_1' title="bbox 265 191 1224 234">
    <p class='ocr_par' dir='ltr' id='par_1_1' title="bbox 265 191 1224 234">
     <span class='ocr_line' id='line_1_1' title="bbox 265 191 1224 234; baseline 0.002 -2"><span class='ocrx_word' id='word_1_1' title='bbox 265 191 418 233; x_wconf 79' lang='lat' dir='ltr'>clxxiv</span> <span class='ocrx_word' id='word_1_2' title='bbox 638 191 867 233; x_wconf 68' lang='lat' dir='ltr'>Historiae</span> <span class='ocrx_word' id='word_1_3' title='bbox 898 191 1224 234; x_wconf 72' lang='lat' dir='ltr'>Ecclesiasticae</span> 
     </span>
    </p>
   </div>
   <div class='ocr_carea' id='block_1_2' title="bbox 690 316 1166 345">
    <p class='ocr_par' dir='ltr' id='par_1_2' title="bbox 690 316 1166 345">
     <span class='ocr_line' id='line_1_2' title="bbox 690 316 1166 345; baseline -0.002 0"><span class='ocrx_word' id='word_1_4' title='bbox 690 316 901 345; x_wconf 80' lang='lat' dir='ltr'>CAPITULA</span> <span class='ocrx_word' id='word_1_5' title='bbox 929 317 1051 344; x_wconf 87' lang='lat' dir='ltr'><strong>LIBRI</strong></span> <span class='ocrx_word' id='word_1_6' title='bbox 1079 317 1166 345; x_wconf 89' lang='lat'>111¹.</span> 
     </span>
    </p>
   </div>
   <div class='ocr_carea' id='block_1_3' title="bbox 258 361 1592 2520">
    <p class='ocr_par' dir='ltr' id='par_1_3' title="bbox 259 361 1592 2520">
     <span class='ocr_line' id='line_1_3' title="bbox 264 361 1591 382; baseline 0.004 -6"><span class='ocrx_word' id='word_1_7' title='bbox 264 361 325 380; x_wconf 71' lang='lat' dir='ltr'>CAP.</span> <span class='ocrx_word' id='word_1_8' title='bbox 1524 362 1591 382; x_wconf 76' lang='lat' dir='ltr'>PAG-</span> 
     </span>
     <span class='ocr_line' id='line_1_4' title="bbox 264 400 1500 436; baseline 0.002 -9"><span class='ocrx_word' id='word_1_9' title='bbox 264 400 290 428; x_wconf 85' lang='grc' dir='ltr'>Ι.</span> <span class='ocrx_word' id='word_1_10' title='bbox 311 400 356 428; x_wconf 92' lang='lat' dir='ltr'>Ut</span> <span class='ocrx_word' id='word_1_11' title='bbox 370 400 469 435; x_wconf 88' lang='lat' dir='ltr'>primi</span> <span class='ocrx_word' id='word_1_12' title='bbox 487 407 688 428; x_wconf 82' lang='lat' dir='ltr'>successores</span> <span class='ocrx_word' id='word_1_13' title='bbox 701 400 838 428; x_wconf 88' lang='lat' dir='ltr'>AEduini</span> <span class='ocrx_word' id='word_1_14' title='bbox 859 401 944 436; x_wconf 85' lang='lat' dir='ltr'>regis</span> <span class='ocrx_word' id='word_1_15' title='bbox 966 403 999 429; x_wconf 91' lang='lat' dir='ltr'>et</span> <span class='ocrx_word' id='word_1_16' title='bbox 1018 401 1119 429; x_wconf 89' lang='lat' dir='ltr'>fidem</span> <span class='ocrx_word' id='word_1_17' title='bbox 1133 410 1211 429; x_wconf 85' lang='lat' dir='ltr'>suae</span> <span class='ocrx_word' id='word_1_18' title='bbox 1231 400 1339 436; x_wconf 86' lang='lat' dir='ltr'>gentis</span> <span class='ocrx_word' id='word_1_19' title='bbox 1353 401 1500 436; x_wconf 89' lang='lat' dir='ltr'>prodide-</span> 
     </span>
     <span class='ocr_line' id='line_1_5' title="bbox 382 439 1499 475; baseline 0.002 -9"><span class='ocrx_word' id='word_1_20' title='bbox 382 439 461 475; x_wconf 90' lang='lat' dir='ltr'>rint,</span> <span class='ocrx_word' id='word_1_21' title='bbox 477 441 511 467; x_wconf 88' lang='lat' dir='ltr'>et</span> <span class='ocrx_word' id='word_1_22' title='bbox 527 448 667 474; x_wconf 90' lang='lat' dir='ltr'>regnum</span> <span class='ocrx_word' id='word_1_23' title='bbox 681 449 776 474; x_wconf 83' lang='lat' dir='ltr'>porro</span> <span class='ocrx_word' id='word_1_24' title='bbox 792 440 915 468; x_wconf 86' lang='lat' dir='ltr'>Osuald</span> <span class='ocrx_word' id='word_1_25' title='bbox 930 440 1227 469; x_wconf 84' lang='lat' dir='ltr'>christianissimus</span> <span class='ocrx_word' id='word_1_26' title='bbox 1245 450 1303 469; x_wconf 86' lang='lat' dir='ltr'>rex</span> <span class='ocrx_word' id='word_1_27' title='bbox 1321 442 1499 475; x_wconf 87' lang='lat' dir='ltr'>utrumque</span> 
     </span>
     <span class='ocr_line' id='line_1_6' title="bbox 383 479 1592 515; baseline 0 -9"><span class='ocrx_word' id='word_1_28' title='bbox 383 479 621 507; x_wconf 85' lang='lat' dir='ltr'>restaurauerit</span> <span class='ocrx_word' id='word_1_29' title='bbox 677 500 684 507; x_wconf 78' lang='grc'>,</span> <span class='ocrx_word' id='word_1_30' title='bbox 1492 500 1499 507; x_wconf 93' lang='grc'><strong>.</strong></span> <span class='ocrx_word' id='word_1_31' title='bbox 1545 488 1592 515; x_wconf 87' lang='lat'>127</span> 
     </span>
     <span class='ocr_line' id='line_1_7' title="bbox 265 529 1499 565; baseline 0.002 -9"><span class='ocrx_word' id='word_1_32' title='bbox 265 529 308 557; x_wconf 85' lang='lat'>11.</span> <span class='ocrx_word' id='word_1_33' title='bbox 332 530 377 557; x_wconf 82' lang='lat' dir='ltr'>Ut</span> <span class='ocrx_word' id='word_1_34' title='bbox 396 530 435 557; x_wconf 93' lang='lat' dir='ltr'>de</span> <span class='ocrx_word' id='word_1_35' title='bbox 454 529 544 565; x_wconf 85' lang='lat' dir='ltr'>ligno</span> <span class='ocrx_word' id='word_1_36' title='bbox 566 530 682 565; x_wconf 87' lang='lat' dir='ltr'>crucis,</span> <span class='ocrx_word' id='word_1_37' title='bbox 700 531 785 564; x_wconf 90' lang='lat' dir='ltr'>quod</span> <span class='ocrx_word' id='word_1_38' title='bbox 806 530 893 558; x_wconf 85' lang='lat' dir='ltr'>idem</span> <span class='ocrx_word' id='word_1_39' title='bbox 908 539 965 558; x_wconf 82' lang='lat' dir='ltr'>rex</span> <span class='ocrx_word' id='word_1_40' title='bbox 980 532 1097 558; x_wconf 88' lang='lat' dir='ltr'>contra</span> <span class='ocrx_word' id='word_1_41' title='bbox 1113 531 1269 558; x_wconf 88' lang='lat' dir='ltr'>barbaros</span> <span class='ocrx_word' id='word_1_42' title='bbox 1289 532 1499 565; x_wconf 77' lang='lat' dir='ltr'>pugnaturus</span> 
     </span>
     <span class='ocr_line' id='line_1_8' title="bbox 381 569 1500 605; baseline 0 -9"><span class='ocrx_word' id='word_1_43' title='bbox 381 571 537 603; x_wconf 83' lang='lat' dir='ltr'>erexerat,</span> <span class='ocrx_word' id='word_1_44' title='bbox 553 569 642 596; x_wconf 88' lang='lat' dir='ltr'>inter</span> <span class='ocrx_word' id='word_1_45' title='bbox 656 569 831 597; x_wconf 78' lang='lat' dir='ltr'>innumera</span> <span class='ocrx_word' id='word_1_46' title='bbox 850 570 1033 598; x_wconf 87' lang='lat' dir='ltr'>sanitatum</span> <span class='ocrx_word' id='word_1_47' title='bbox 1052 570 1222 605; x_wconf 77' lang='lat' dir='ltr'>miracula,</span> <span class='ocrx_word' id='word_1_48' title='bbox 1246 569 1382 604; x_wconf 69' lang='lat' dir='ltr'>quidam</span> <span class='ocrx_word' id='word_1_49' title='bbox 1404 578 1424 597; x_wconf 85' lang='lat' dir='ltr'>a</span> <span class='ocrx_word' id='word_1_50' title='bbox 1447 569 1500 596; x_wconf 90' lang='lat' dir='ltr'>do-</span> 
     </span>
     <span class='ocr_line' id='line_1_9' title="bbox 381 608 1590 643; baseline 0 -8"><span class='ocrx_word' id='word_1_51' title='bbox 381 608 482 636; x_wconf 88' lang='lat' dir='ltr'>lentis</span> <span class='ocrx_word' id='word_1_52' title='bbox 495 608 624 636; x_wconf 85' lang='lat' dir='ltr'>brachii</span> <span class='ocrx_word' id='word_1_53' title='bbox 638 608 681 636; x_wconf 89' lang='lat' dir='ltr'>sit</span> <span class='ocrx_word' id='word_1_54' title='bbox 696 609 829 643; x_wconf 89' lang='lat' dir='ltr'>langore</span> <span class='ocrx_word' id='word_1_55' title='bbox 845 611 980 637; x_wconf 80' lang='lat' dir='ltr'>curatus</span> <span class='ocrx_word' id='word_1_56' title='bbox 1035 630 1041 636; x_wconf 96' lang='lat'>.</span> <span class='ocrx_word' id='word_1_57' title='bbox 1487 629 1495 636; x_wconf 87' lang='lat'>.</span> <span class='ocrx_word' id='word_1_58' title='bbox 1540 610 1590 636; x_wconf 88' lang='lat'>128</span> 
     </span>
     <span class='ocr_line' id='line_1_10' title="bbox 266 658 1498 693; baseline 0 -8"><span class='ocrx_word' id='word_1_59' title='bbox 266 658 326 686; x_wconf 87' lang='lat' dir='ltr'>III.</span> <span class='ocrx_word' id='word_1_60' title='bbox 344 658 388 686; x_wconf 93' lang='lat' dir='ltr'>Ut</span> <span class='ocrx_word' id='word_1_61' title='bbox 402 658 490 686; x_wconf 89' lang='lat' dir='ltr'>idem</span> <span class='ocrx_word' id='word_1_62' title='bbox 505 667 561 686; x_wconf 85' lang='lat' dir='ltr'>rex</span> <span class='ocrx_word' id='word_1_63' title='bbox 576 659 746 692; x_wconf 88' lang='lat' dir='ltr'>postulans</span> <span class='ocrx_word' id='word_1_64' title='bbox 760 659 800 687; x_wconf 88' lang='lat' dir='ltr'>de</span> <span class='ocrx_word' id='word_1_65' title='bbox 814 661 911 693; x_wconf 87' lang='lat' dir='ltr'>gente</span> <span class='ocrx_word' id='word_1_66' title='bbox 927 659 1114 686; x_wconf 75' lang='lat' dir='ltr'>Scottorum</span> <span class='ocrx_word' id='word_1_67' title='bbox 1128 659 1315 686; x_wconf 84' lang='lat' dir='ltr'>antistitem</span> <span class='ocrx_word' id='word_1_68' title='bbox 1335 658 1498 693; x_wconf 87' lang='lat' dir='ltr'>acceperit</span> 
     </span>
     <span class='ocr_line' id='line_1_11' title="bbox 380 698 1498 733; baseline 0.002 -9"><span class='ocrx_word' id='word_1_69' title='bbox 380 698 557 733; x_wconf 69' lang='lat' dir='ltr'>Aidanum,</span> <span class='ocrx_word' id='word_1_70' title='bbox 575 698 744 732; x_wconf 79' lang='lat' dir='ltr'>eidemque</span> <span class='ocrx_word' id='word_1_71' title='bbox 762 698 798 725; x_wconf 92' lang='lat' dir='ltr'>in</span> <span class='ocrx_word' id='word_1_72' title='bbox 821 699 932 726; x_wconf 86' lang='lat' dir='ltr'>insula</span> <span class='ocrx_word' id='word_1_73' title='bbox 956 698 1224 726; x_wconf 78' lang='lat' dir='ltr'>Lindisfarnensi</span> <span class='ocrx_word' id='word_1_74' title='bbox 1244 699 1354 726; x_wconf 86' lang='lat' dir='ltr'>sedem</span> <span class='ocrx_word' id='word_1_75' title='bbox 1378 698 1498 733; x_wconf 83' lang='lat' dir='ltr'>episco-</span> 
     </span>
     <span class='ocr_line' id='line_1_12' title="bbox 382 737 1588 772; baseline 0 -8"><span class='ocrx_word' id='word_1_76' title='bbox 382 739 480 772; x_wconf 90' lang='lat' dir='ltr'>patus</span> <span class='ocrx_word' id='word_1_77' title='bbox 494 737 668 764; x_wconf 80' lang='lat' dir='ltr'>donauerit</span> <span class='ocrx_word' id='word_1_78' title='bbox 1035 761 1042 766; x_wconf 87' lang='lat'>.</span> <span class='ocrx_word' id='word_1_79' title='bbox 1489 758 1496 765; x_wconf 93' lang='lat'>.</span> <span class='ocrx_word' id='word_1_80' title='bbox 1543 746 1588 771; x_wconf 83' lang='lat'>131</span> 
     </span>
     <span class='ocr_line' id='line_1_13' title="bbox 264 787 1589 822; baseline 0 -8"><span class='ocrx_word' id='word_1_81' title='bbox 264 787 319 814; x_wconf 82' lang='lat' dir='ltr'>IV.</span> <span class='ocrx_word' id='word_1_82' title='bbox 343 787 481 820; x_wconf 84' lang='lat' dir='ltr'>Quando</span> <span class='ocrx_word' id='word_1_83' title='bbox 494 796 574 822; x_wconf 88' lang='lat' dir='ltr'>gens</span> <span class='ocrx_word' id='word_1_84' title='bbox 588 787 756 815; x_wconf 79' lang='lat' dir='ltr'><strong>Pictorum</strong></span> <span class='ocrx_word' id='word_1_85' title='bbox 770 787 869 816; x_wconf 89' lang='lat' dir='ltr'>fidem</span> <span class='ocrx_word' id='word_1_86' title='bbox 885 787 1007 816; x_wconf 75' lang='lat' dir='ltr'>Christi</span> <span class='ocrx_word' id='word_1_87' title='bbox 1022 787 1205 822; x_wconf 86' lang='lat' dir='ltr'>perceperit</span> <span class='ocrx_word' id='word_1_88' title='bbox 1489 808 1496 815; x_wconf 92' lang='lat'>.</span> <span class='ocrx_word' id='word_1_89' title='bbox 1542 796 1589 822; x_wconf 83' lang='lat'>133</span> 
     </span>
     <span class='ocr_line' id='line_1_14' title="bbox 265 838 1592 873; baseline 0 -8"><span class='ocrx_word' id='word_1_90' title='bbox 265 838 301 865; x_wconf 89' lang='lat' dir='ltr'>V.</span> <span class='ocrx_word' id='word_1_91' title='bbox 326 838 373 865; x_wconf 92' lang='lat' dir='ltr'>De</span> <span class='ocrx_word' id='word_1_92' title='bbox 388 838 459 865; x_wconf 88' lang='lat' dir='ltr'>uita</span> <span class='ocrx_word' id='word_1_93' title='bbox 472 838 595 865; x_wconf 79' lang='lat' dir='ltr'>Ajdani</span> <span class='ocrx_word' id='word_1_94' title='bbox 610 838 751 873; x_wconf 83' lang='lat' dir='ltr'>episcopi</span> <span class='ocrx_word' id='word_1_95' title='bbox 766 859 773 866; x_wconf 90' lang='lat'>.</span> <span class='ocrx_word' id='word_1_96' title='bbox 1492 859 1499 865; x_wconf 96' lang='lat'>.</span> <span class='ocrx_word' id='word_1_97' title='bbox 1545 846 1592 873; x_wconf 84' lang='lat'>135</span> 
     </span>
     <span class='ocr_line' id='line_1_15' title="bbox 266 889 1591 926; baseline 0 -10"><span class='ocrx_word' id='word_1_98' title='bbox 266 890 319 916; x_wconf 91' lang='lat' dir='ltr'>VI.</span> <span class='ocrx_word' id='word_1_99' title='bbox 343 890 390 917; x_wconf 91' lang='lat' dir='ltr'>De</span> <span class='ocrx_word' id='word_1_100' title='bbox 405 889 563 925; x_wconf 84' lang='lat' dir='ltr'>religione</span> <span class='ocrx_word' id='word_1_101' title='bbox 577 899 615 917; x_wconf 90' lang='lat' dir='ltr'>ac</span> <span class='ocrx_word' id='word_1_102' title='bbox 629 890 752 924; x_wconf 83' lang='lat' dir='ltr'>pietate</span> <span class='ocrx_word' id='word_1_103' title='bbox 766 889 921 917; x_wconf 83' lang='lat' dir='ltr'>miranda</span> <span class='ocrx_word' id='word_1_104' title='bbox 936 889 1071 918; x_wconf 79' lang='lat' dir='ltr'>Osualdi</span> <span class='ocrx_word' id='word_1_105' title='bbox 1085 889 1172 925; x_wconf 91' lang='lat' dir='ltr'>regis</span> <span class='ocrx_word' id='word_1_106' title='bbox 1219 911 1226 917; x_wconf 90' lang='lat'>.</span> <span class='ocrx_word' id='word_1_107' title='bbox 1491 911 1498 917; x_wconf 92' lang='lat'>.</span> <span class='ocrx_word' id='word_1_108' title='bbox 1545 900 1591 926; x_wconf 83' lang='lat'>¹37</span> 
     </span>
     <span class='ocr_line' id='line_1_16' title="bbox 267 939 1498 974; baseline 0.001 -8"><span class='ocrx_word' id='word_1_109' title='bbox 267 940 338 967; x_wconf 88' lang='lat' dir='ltr'>VII.</span> <span class='ocrx_word' id='word_1_110' title='bbox 361 940 406 968; x_wconf 89' lang='lat' dir='ltr'>Ut</span> <span class='ocrx_word' id='word_1_111' title='bbox 420 940 591 974; x_wconf 87' lang='lat' dir='ltr'>prouincia</span> <span class='ocrx_word' id='word_1_112' title='bbox 601 940 863 968; x_wconf 83' lang='lat' dir='ltr'>Occidentalium</span> <span class='ocrx_word' id='word_1_113' title='bbox 875 941 1041 968; x_wconf 82' lang='lat' dir='ltr'>Saxonum</span> <span class='ocrx_word' id='word_1_114' title='bbox 1053 941 1192 967; x_wconf 88' lang='lat' dir='ltr'>uerbum</span> <span class='ocrx_word' id='word_1_115' title='bbox 1204 940 1273 974; x_wconf 88' lang='lat' dir='ltr'>Dei,</span> <span class='ocrx_word' id='word_1_116' title='bbox 1285 939 1498 974; x_wconf 77' lang='lat' dir='ltr'>praedicante</span> 
     </span>
     <span class='ocr_line' id='line_1_17' title="bbox 383 979 1532 1015; baseline 0 -9"><span class='ocrx_word' id='word_1_117' title='bbox 383 979 506 1014; x_wconf 81' lang='lat' dir='ltr'>Birino,</span> <span class='ocrx_word' id='word_1_118' title='bbox 536 979 732 1015; x_wconf 74' lang='lat' dir='ltr'>susceperit3</span> <span class='ocrx_word' id='word_1_119' title='bbox 758 981 791 1007; x_wconf 89' lang='lat' dir='ltr'>et</span> <span class='ocrx_word' id='word_1_120' title='bbox 819 981 857 1007; x_wconf 91' lang='lat' dir='ltr'>de</span> <span class='ocrx_word' id='word_1_121' title='bbox 887 980 1126 1007; x_wconf 87' lang='lat' dir='ltr'>successoribus</span> <span class='ocrx_word' id='word_1_122' title='bbox 1153 979 1223 1006; x_wconf 89' lang='lat' dir='ltr'>eius</span> <span class='ocrx_word' id='word_1_123' title='bbox 1250 979 1437 1014; x_wconf 85' lang='lat' dir='ltr'>Agilbercto</span> <span class='ocrx_word' id='word_1_124' title='bbox 1464 980 1497 1006; x_wconf 86' lang='lat' dir='ltr'>et</span> <span class='ocrx_word' id='word_1_125' title='bbox 1530 1011 1532 1013; x_wconf 67' lang='lat'>‚</span> 
     </span>
     <span class='ocr_line' id='line_1_18' title="bbox 382 1018 1589 1055; baseline 0 -9"><span class='ocrx_word' id='word_1_126' title='bbox 382 1018 559 1047; x_wconf 82' lang='lat' dir='ltr'>Leutherio</span> <span class='ocrx_word' id='word_1_127' title='bbox 587 1041 594 1046; x_wconf 93' lang='lat'>.</span> <span class='ocrx_word' id='word_1_128' title='bbox 1488 1039 1495 1046; x_wconf 93' lang='lat'>.</span> <span class='ocrx_word' id='word_1_129' title='bbox 1542 1028 1589 1055; x_wconf 80' lang='lat'>¹39</span> 
     </span>
     <span class='ocr_line' id='line_1_19' title="bbox 267 1068 1496 1104; baseline 0 -8"><span class='ocrx_word' id='word_1_130' title='bbox 267 1069 356 1097; x_wconf 86' lang='lat' dir='ltr'>VIII.</span> <span class='ocrx_word' id='word_1_131' title='bbox 381 1070 426 1097; x_wconf 91' lang='lat' dir='ltr'>Ut</span> <span class='ocrx_word' id='word_1_132' title='bbox 440 1079 497 1097; x_wconf 83' lang='lat' dir='ltr'>rex</span> <span class='ocrx_word' id='word_1_133' title='bbox 516 1069 770 1097; x_wconf 80' lang='lat' dir='ltr'>Cantuariorum</span> <span class='ocrx_word' id='word_1_134' title='bbox 790 1069 1011 1097; x_wconf 84' lang='lat' dir='ltr'>Earconberct</span> <span class='ocrx_word' id='word_1_135' title='bbox 1029 1069 1116 1096; x_wconf 89' lang='lat' dir='ltr'>idola</span> <span class='ocrx_word' id='word_1_136' title='bbox 1133 1068 1258 1096; x_wconf 87' lang='lat' dir='ltr'>destrui</span> <span class='ocrx_word' id='word_1_137' title='bbox 1276 1068 1496 1104; x_wconf 53' lang='lat' dir='ltr'>praeceperim</span> 
     </span>
     <span class='ocr_line' id='line_1_20' title="bbox 382 1108 1497 1143; baseline 0 -7"><span class='ocrx_word' id='word_1_138' title='bbox 382 1111 414 1137; x_wconf 86' lang='lat' dir='ltr'>et</span> <span class='ocrx_word' id='word_1_139' title='bbox 428 1110 468 1137; x_wconf 85' lang='lat' dir='ltr'>de</span> <span class='ocrx_word' id='word_1_140' title='bbox 483 1109 552 1136; x_wconf 85' lang='lat' dir='ltr'>filia</span> <span class='ocrx_word' id='word_1_141' title='bbox 571 1109 640 1136; x_wconf 89' lang='lat' dir='ltr'>eius</span> <span class='ocrx_word' id='word_1_142' title='bbox 660 1109 847 1143; x_wconf 86' lang='lat' dir='ltr'>Ercongota</span> <span class='ocrx_word' id='word_1_143' title='bbox 865 1112 898 1136; x_wconf 89' lang='lat' dir='ltr'>et</span> <span class='ocrx_word' id='word_1_144' title='bbox 918 1109 1102 1143; x_wconf 85' lang='lat' dir='ltr'>propinqua</span> <span class='ocrx_word' id='word_1_145' title='bbox 1120 1108 1342 1143; x_wconf 86' lang='lat' dir='ltr'>Aedilbergae,</span> <span class='ocrx_word' id='word_1_146' title='bbox 1359 1108 1497 1136; x_wconf 85' lang='lat' dir='ltr'>sacratis</span> 
     </span>
     <span class='ocr_line' id='line_1_21' title="bbox 382 1148 1587 1183; baseline -0.001 -8"><span class='ocrx_word' id='word_1_147' title='bbox 382 1149 448 1176; x_wconf 92' lang='lat' dir='ltr'>Deo</span> <span class='ocrx_word' id='word_1_148' title='bbox 462 1148 647 1183; x_wconf 70' lang='lat' dir='ltr'>uirgn&#39;nibus</span> <span class='ocrx_word' id='word_1_149' title='bbox 674 1169 680 1175; x_wconf 92' lang='lat'>.</span> <span class='ocrx_word' id='word_1_150' title='bbox 1486 1168 1492 1175; x_wconf 92' lang='lat'>.</span> <span class='ocrx_word' id='word_1_151' title='bbox 1540 1156 1587 1181; x_wconf 83' lang='lat'>142</span> 
     </span>
     <span class='ocr_line' id='line_1_22' title="bbox 264 1198 1497 1234; baseline -0.002 -7"><span class='ocrx_word' id='word_1_152' title='bbox 264 1199 321 1227; x_wconf 88' lang='lat' dir='ltr'>IX.</span> <span class='ocrx_word' id='word_1_153' title='bbox 345 1199 391 1227; x_wconf 91' lang='lat' dir='ltr'>Ut</span> <span class='ocrx_word' id='word_1_154' title='bbox 405 1199 440 1226; x_wconf 93' lang='lat' dir='ltr'>in</span> <span class='ocrx_word' id='word_1_155' title='bbox 456 1199 535 1234; x_wconf 81' lang='lat' dir='ltr'>loco,</span> <span class='ocrx_word' id='word_1_156' title='bbox 547 1199 583 1226; x_wconf 88' lang='lat' dir='ltr'>in</span> <span class='ocrx_word' id='word_1_157' title='bbox 595 1207 658 1233; x_wconf 90' lang='lat' dir='ltr'>quo</span> <span class='ocrx_word' id='word_1_158' title='bbox 669 1198 792 1226; x_wconf 88' lang='lat' dir='ltr'>occisus</span> <span class='ocrx_word' id='word_1_159' title='bbox 805 1200 853 1226; x_wconf 86' lang='lat' dir='ltr'>est</span> <span class='ocrx_word' id='word_1_160' title='bbox 865 1208 921 1226; x_wconf 82' lang='lat' dir='ltr'>rex</span> <span class='ocrx_word' id='word_1_161' title='bbox 934 1199 1065 1233; x_wconf 73' lang='lat' dir='ltr'>Osuaffl,</span> <span class='ocrx_word' id='word_1_162' title='bbox 1079 1199 1193 1226; x_wconf 83' lang='lat' dir='ltr'>crebra</span> <span class='ocrx_word' id='word_1_163' title='bbox 1203 1198 1386 1226; x_wconf 81' lang='lat' dir='ltr'>sanitatum</span> <span class='ocrx_word' id='word_1_164' title='bbox 1399 1198 1497 1226; x_wconf 65' lang='grc'>111113,-</span> 
     </span>
     <span class='ocr_line' id='line_1_23' title="bbox 380 1237 1497 1272; baseline 0 -7"><span class='ocrx_word' id='word_1_165' title='bbox 380 1239 456 1266; x_wconf 82' lang='lat' dir='ltr'>cula</span> <span class='ocrx_word' id='word_1_166' title='bbox 476 1238 583 1272; x_wconf 66' lang='lat' dir='ltr'>factag</span> <span class='ocrx_word' id='word_1_167' title='bbox 605 1240 706 1272; x_wconf 81' lang='lat' dir='ltr'>utque</span> <span class='ocrx_word' id='word_1_168' title='bbox 725 1238 771 1265; x_wconf 88' lang='lat' dir='ltr'>ibi</span> <span class='ocrx_word' id='word_1_169' title='bbox 785 1238 891 1272; x_wconf 87' lang='lat' dir='ltr'>primo</span> <span class='ocrx_word' id='word_1_170' title='bbox 912 1237 1102 1265; x_wconf 86' lang='lat' dir='ltr'>iumentum</span> <span class='ocrx_word' id='word_1_171' title='bbox 1122 1237 1295 1266; x_wconf 86' lang='lat' dir='ltr'>cuiusdam</span> <span class='ocrx_word' id='word_1_172' title='bbox 1314 1237 1439 1266; x_wconf 86' lang='lat' dir='ltr'>uiantis</span> <span class='ocrx_word' id='word_1_173' title='bbox 1458 1247 1497 1265; x_wconf 86' lang='lat' dir='ltr'>ac</span> 
     </span>
     <span class='ocr_line' id='line_1_24' title="bbox 381 1277 1587 1312; baseline 0 -8"><span class='ocrx_word' id='word_1_174' title='bbox 381 1278 499 1305; x_wconf 85' lang='lat' dir='ltr'>deinde</span> <span class='ocrx_word' id='word_1_175' title='bbox 514 1278 624 1312; x_wconf 88' lang='lat' dir='ltr'>puella</span> <span class='ocrx_word' id='word_1_176' title='bbox 638 1277 680 1305; x_wconf 87' lang='lat' dir='ltr'>sit</span> <span class='ocrx_word' id='word_1_177' title='bbox 695 1277 869 1312; x_wconf 78' lang='lat' dir='ltr'>paralitica</span> <span class='ocrx_word' id='word_1_178' title='bbox 883 1280 998 1305; x_wconf 80' lang='lat' dir='ltr'>curata</span> <span class='ocrx_word' id='word_1_179' title='bbox 1032 1300 1038 1306; x_wconf 90' lang='lat'>.</span> <span class='ocrx_word' id='word_1_180' title='bbox 1482 1298 1489 1304; x_wconf 92' lang='lat'>.</span> <span class='ocrx_word' id='word_1_181' title='bbox 1535 1285 1587 1311; x_wconf 80' lang='lat'>144</span> 
     </span>
     <span class='ocr_line' id='line_1_25' title="bbox 263 1327 1588 1363; baseline -0.001 -8"><span class='ocrx_word' id='word_1_182' title='bbox 263 1329 302 1355; x_wconf 93' lang='lat' dir='ltr'>X.</span> <span class='ocrx_word' id='word_1_183' title='bbox 326 1328 372 1356; x_wconf 87' lang='lat' dir='ltr'>Ut</span> <span class='ocrx_word' id='word_1_184' title='bbox 386 1327 496 1362; x_wconf 86' lang='lat' dir='ltr'>puluis</span> <span class='ocrx_word' id='word_1_185' title='bbox 510 1327 573 1355; x_wconf 94' lang='grc'>1001</span> <span class='ocrx_word' id='word_1_186' title='bbox 587 1327 679 1355; x_wconf 85' lang='grc'>1111115</span> <span class='ocrx_word' id='word_1_187' title='bbox 694 1330 810 1355; x_wconf 85' lang='lat' dir='ltr'>contra</span> <span class='ocrx_word' id='word_1_188' title='bbox 825 1327 937 1363; x_wconf 87' lang='lat' dir='ltr'>ignem</span> <span class='ocrx_word' id='word_1_189' title='bbox 951 1327 1095 1355; x_wconf 85' lang='lat' dir='ltr'>ualuerit</span> <span class='ocrx_word' id='word_1_190' title='bbox 1122 1349 1129 1355; x_wconf 90' lang='lat'>.</span> <span class='ocrx_word' id='word_1_191' title='bbox 1483 1349 1490 1355; x_wconf 90' lang='lat'>.</span> <span class='ocrx_word' id='word_1_192' title='bbox 1537 1328 1588 1362; x_wconf 79' lang='lat'>146</span> 
     </span>
     <span class='ocr_line' id='line_1_26' title="bbox 263 1378 1496 1413; baseline 0 -8"><span class='ocrx_word' id='word_1_193' title='bbox 263 1379 318 1406; x_wconf 87' lang='lat' dir='ltr'>XI.</span> <span class='ocrx_word' id='word_1_194' title='bbox 344 1379 389 1406; x_wconf 91' lang='lat' dir='ltr'>Ut</span> <span class='ocrx_word' id='word_1_195' title='bbox 411 1387 508 1413; x_wconf 85' lang='lat' dir='ltr'>super</span> <span class='ocrx_word' id='word_1_196' title='bbox 527 1378 682 1412; x_wconf 84' lang='lat' dir='ltr'>reliquias</span> <span class='ocrx_word' id='word_1_197' title='bbox 702 1379 770 1406; x_wconf 90' lang='lat' dir='ltr'>eius</span> <span class='ocrx_word' id='word_1_198' title='bbox 789 1379 846 1406; x_wconf 88' lang='lat' dir='ltr'>lux</span> <span class='ocrx_word' id='word_1_199' title='bbox 866 1379 1015 1406; x_wconf 87' lang='lat' dir='ltr'>caelestis</span> <span class='ocrx_word' id='word_1_200' title='bbox 1035 1380 1105 1406; x_wconf 91' lang='lat' dir='ltr'>tota</span> <span class='ocrx_word' id='word_1_201' title='bbox 1126 1380 1222 1407; x_wconf 88' lang='lat' dir='ltr'>nocte</span> <span class='ocrx_word' id='word_1_202' title='bbox 1241 1378 1389 1412; x_wconf 70' lang='lat' dir='ltr'>steterit3</span> <span class='ocrx_word' id='word_1_203' title='bbox 1411 1379 1444 1406; x_wconf 88' lang='lat' dir='ltr'>et</span> <span class='ocrx_word' id='word_1_204' title='bbox 1457 1380 1496 1405; x_wconf 86' lang='lat' dir='ltr'>ut</span> 
     </span>
     <span class='ocr_line' id='line_1_27' title="bbox 378 1418 1586 1453; baseline -0.001 -8"><span class='ocrx_word' id='word_1_205' title='bbox 378 1427 437 1453; x_wconf 88' lang='lat' dir='ltr'>per</span> <span class='ocrx_word' id='word_1_206' title='bbox 451 1426 504 1445; x_wconf 87' lang='lat' dir='ltr'>eas</span> <span class='ocrx_word' id='word_1_207' title='bbox 518 1418 585 1446; x_wconf 89' lang='lat' dir='ltr'>sint</span> <span class='ocrx_word' id='word_1_208' title='bbox 600 1418 804 1446; x_wconf 81' lang='lat' dir='ltr'>daemoniaci</span> <span class='ocrx_word' id='word_1_209' title='bbox 818 1418 926 1446; x_wconf 87' lang='lat' dir='ltr'>curati</span> <span class='ocrx_word' id='word_1_210' title='bbox 941 1439 948 1445; x_wconf 87' lang='lat'>.</span> <span class='ocrx_word' id='word_1_211' title='bbox 1483 1438 1489 1445; x_wconf 94' lang='lat'>.</span> <span class='ocrx_word' id='word_1_212' title='bbox 1536 1426 1586 1452; x_wconf 73' lang='lat'>147</span> 
     </span>
     <span class='ocr_line' id='line_1_28' title="bbox 263 1468 1588 1503; baseline 0 -8"><span class='ocrx_word' id='word_1_213' title='bbox 263 1468 335 1496; x_wconf 86' lang='lat' dir='ltr'>XII.</span> <span class='ocrx_word' id='word_1_214' title='bbox 359 1469 403 1496; x_wconf 89' lang='lat' dir='ltr'>Ut</span> <span class='ocrx_word' id='word_1_215' title='bbox 418 1469 460 1495; x_wconf 86' lang='lat' dir='ltr'>ad</span> <span class='ocrx_word' id='word_1_216' title='bbox 474 1469 624 1495; x_wconf 89' lang='lat' dir='ltr'>tumbam</span> <span class='ocrx_word' id='word_1_217' title='bbox 638 1468 708 1496; x_wconf 87' lang='lat' dir='ltr'>eius</span> <span class='ocrx_word' id='word_1_218' title='bbox 722 1468 765 1495; x_wconf 92' lang='lat' dir='ltr'>sit</span> <span class='ocrx_word' id='word_1_219' title='bbox 779 1468 938 1503; x_wconf 88' lang='lat' dir='ltr'>puerulus</span> <span class='ocrx_word' id='word_1_220' title='bbox 952 1477 972 1495; x_wconf 82' lang='lat' dir='ltr'>a</span> <span class='ocrx_word' id='word_1_221' title='bbox 986 1468 1075 1496; x_wconf 83' lang='lat' dir='ltr'>febre</span> <span class='ocrx_word' id='word_1_222' title='bbox 1090 1469 1225 1496; x_wconf 89' lang='lat' dir='ltr'>curatus</span> <span class='ocrx_word' id='word_1_223' title='bbox 1486 1488 1492 1495; x_wconf 90' lang='lat'>.</span> <span class='ocrx_word' id='word_1_224' title='bbox 1538 1476 1588 1501; x_wconf 85' lang='lat'>150</span> 
     </span>
     <span class='ocr_line' id='line_1_29' title="bbox 262 1517 1495 1553; baseline -0.001 -7"><span class='ocrx_word' id='word_1_225' title='bbox 262 1519 355 1546; x_wconf 88' lang='lat' dir='ltr'>XIII.</span> <span class='ocrx_word' id='word_1_226' title='bbox 379 1519 423 1546; x_wconf 83' lang='lat' dir='ltr'>Ut</span> <span class='ocrx_word' id='word_1_227' title='bbox 438 1518 474 1545; x_wconf 89' lang='lat' dir='ltr'>in</span> <span class='ocrx_word' id='word_1_228' title='bbox 486 1518 646 1546; x_wconf 80' lang='lat' dir='ltr'>Hibernia</span> <span class='ocrx_word' id='word_1_229' title='bbox 660 1517 703 1545; x_wconf 86' lang='lat' dir='ltr'>sit</span> <span class='ocrx_word' id='word_1_230' title='bbox 718 1518 854 1553; x_wconf 82' lang='lat' dir='ltr'>quidam</span> <span class='ocrx_word' id='word_1_231' title='bbox 865 1527 923 1553; x_wconf 85' lang='lat' dir='ltr'>per</span> <span class='ocrx_word' id='word_1_232' title='bbox 935 1518 1091 1553; x_wconf 83' lang='lat' dir='ltr'>reliquias</span> <span class='ocrx_word' id='word_1_233' title='bbox 1106 1518 1176 1546; x_wconf 87' lang='lat' dir='ltr'>eius</span> <span class='ocrx_word' id='word_1_234' title='bbox 1191 1527 1211 1545; x_wconf 89' lang='lat' dir='ltr'>a</span> <span class='ocrx_word' id='word_1_235' title='bbox 1225 1517 1341 1546; x_wconf 89' lang='lat' dir='ltr'>mortis</span> <span class='ocrx_word' id='word_1_236' title='bbox 1354 1517 1495 1546; x_wconf 86' lang='lat' dir='ltr'>articulo</span> 
     </span>
     <span class='ocr_line' id='line_1_30' title="bbox 376 1560 1585 1591; baseline -0.001 -6"><span class='ocrx_word' id='word_1_237' title='bbox 376 1560 549 1585; x_wconf 84' lang='lat' dir='ltr'>reuocatus</span> <span class='ocrx_word' id='word_1_238' title='bbox 581 1579 588 1585; x_wconf 88' lang='lat'>.</span> <span class='ocrx_word' id='word_1_239' title='bbox 1487 1579 1493 1585; x_wconf 92' lang='lat'>.</span> <span class='ocrx_word' id='word_1_240' title='bbox 1542 1567 1585 1591; x_wconf 84' lang='lat'>¹5²</span> 
     </span>
     <span class='ocr_line' id='line_1_31' title="bbox 260 1607 1495 1643; baseline -0.001 -7"><span class='ocrx_word' id='word_1_241' title='bbox 260 1609 345 1636; x_wconf 86' lang='lat' dir='ltr'>XIV.</span> <span class='ocrx_word' id='word_1_242' title='bbox 370 1609 423 1642; x_wconf 85' lang='lat' dir='ltr'>Ut,</span> <span class='ocrx_word' id='word_1_243' title='bbox 436 1608 592 1636; x_wconf 85' lang='lat' dir='ltr'>defuncto</span> <span class='ocrx_word' id='word_1_244' title='bbox 606 1607 754 1643; x_wconf 85' lang='lat' dir='ltr'>Paulino,</span> <span class='ocrx_word' id='word_1_245' title='bbox 768 1608 920 1635; x_wconf 84' lang='lat' dir='ltr'>Ithamar</span> <span class='ocrx_word' id='word_1_246' title='bbox 932 1617 991 1642; x_wconf 85' lang='lat' dir='ltr'>pro</span> <span class='ocrx_word' id='word_1_247' title='bbox 1005 1617 1042 1635; x_wconf 85' lang='lat' dir='ltr'>eo</span> <span class='ocrx_word' id='word_1_248' title='bbox 1053 1607 1223 1635; x_wconf 86' lang='lat' dir='ltr'>Hrofensis</span> <span class='ocrx_word' id='word_1_249' title='bbox 1237 1607 1390 1635; x_wconf 88' lang='lat' dir='ltr'>ecclesiae</span> <span class='ocrx_word' id='word_1_250' title='bbox 1404 1616 1495 1642; x_wconf 83' lang='lat' dir='ltr'>prae-</span> 
     </span>
     <span class='ocr_line' id='line_1_32' title="bbox 376 1647 1492 1682; baseline -0.001 -7"><span class='ocrx_word' id='word_1_251' title='bbox 376 1648 523 1675; x_wconf 85' lang='lat' dir='ltr'>sulatum</span> <span class='ocrx_word' id='word_1_252' title='bbox 543 1647 740 1682; x_wconf 50' lang='lat' dir='ltr'>susceperim</span> <span class='ocrx_word' id='word_1_253' title='bbox 763 1649 796 1675; x_wconf 85' lang='lat' dir='ltr'>et</span> <span class='ocrx_word' id='word_1_254' title='bbox 819 1648 858 1675; x_wconf 84' lang='lat' dir='ltr'>de</span> <span class='ocrx_word' id='word_1_255' title='bbox 882 1647 1074 1675; x_wconf 81' lang='lat' dir='ltr'>humilitate</span> <span class='ocrx_word' id='word_1_256' title='bbox 1096 1647 1240 1675; x_wconf 81' lang='lat' dir='ltr'>mirabili</span> <span class='ocrx_word' id='word_1_257' title='bbox 1261 1647 1346 1682; x_wconf 89' lang='lat' dir='ltr'>regis</span> <span class='ocrx_word' id='word_1_258' title='bbox 1368 1647 1492 1681; x_wconf 84' lang='lat' dir='ltr'>Osuini,</span> 
     </span>
     <span class='ocr_line' id='line_1_33' title="bbox 376 1687 1585 1721; baseline -0.001 -7"><span class='ocrx_word' id='word_1_259' title='bbox 376 1687 432 1721; x_wconf 85' lang='lat' dir='ltr'>qui</span> <span class='ocrx_word' id='word_1_260' title='bbox 447 1688 487 1714; x_wconf 89' lang='lat' dir='ltr'>ab</span> <span class='ocrx_word' id='word_1_261' title='bbox 503 1687 605 1714; x_wconf 86' lang='lat' dir='ltr'>Osuiu</span> <span class='ocrx_word' id='word_1_262' title='bbox 619 1687 745 1714; x_wconf 87' lang='lat' dir='ltr'>crudeli</span> <span class='ocrx_word' id='word_1_263' title='bbox 760 1688 857 1714; x_wconf 85' lang='lat' dir='ltr'>caede</span> <span class='ocrx_word' id='word_1_264' title='bbox 871 1689 1038 1721; x_wconf 85' lang='lat' dir='ltr'>peremtus</span> <span class='ocrx_word' id='word_1_265' title='bbox 1053 1689 1103 1714; x_wconf 91' lang='lat' dir='ltr'>est</span> <span class='ocrx_word' id='word_1_266' title='bbox 1122 1709 1128 1715; x_wconf 94' lang='lat'>.</span> <span class='ocrx_word' id='word_1_267' title='bbox 1536 1694 1585 1720; x_wconf 79' lang='lat'>154</span> 
     </span>
     <span class='ocr_line' id='line_1_34' title="bbox 260 1736 1491 1772; baseline -0.002 -7"><span class='ocrx_word' id='word_1_268' title='bbox 260 1738 327 1765; x_wconf 88' lang='lat' dir='ltr'>XV.</span> <span class='ocrx_word' id='word_1_269' title='bbox 351 1738 395 1765; x_wconf 84' lang='lat' dir='ltr'>Ut</span> <span class='ocrx_word' id='word_1_270' title='bbox 407 1737 574 1772; x_wconf 86' lang='lat' dir='ltr'>episcopus</span> <span class='ocrx_word' id='word_1_271' title='bbox 585 1736 694 1764; x_wconf 81' lang='lat' dir='ltr'>Ajdan</span> <span class='ocrx_word' id='word_1_272' title='bbox 709 1737 820 1764; x_wconf 86' lang='lat' dir='ltr'>nautis</span> <span class='ocrx_word' id='word_1_273' title='bbox 835 1738 867 1764; x_wconf 89' lang='lat' dir='ltr'>et</span> <span class='ocrx_word' id='word_1_274' title='bbox 878 1739 1109 1771; x_wconf 74' lang='lat' dir='ltr'>tempestatem</span> <span class='ocrx_word' id='word_1_275' title='bbox 1121 1737 1271 1764; x_wconf 85' lang='lat' dir='ltr'>futuram</span> <span class='ocrx_word' id='word_1_276' title='bbox 1281 1736 1491 1772; x_wconf 72' lang='lat' dir='ltr'>praeffixerit,</span> 
     </span>
     <span class='ocr_line' id='line_1_35' title="bbox 375 1776 1586 1812; baseline -0.001 -8"><span class='ocrx_word' id='word_1_277' title='bbox 375 1778 408 1804; x_wconf 89' lang='lat' dir='ltr'>et</span> <span class='ocrx_word' id='word_1_278' title='bbox 423 1777 531 1804; x_wconf 89' lang='lat' dir='ltr'>oleum</span> <span class='ocrx_word' id='word_1_279' title='bbox 546 1779 706 1811; x_wconf 85' lang='lat' dir='ltr'>sanctum,</span> <span class='ocrx_word' id='word_1_280' title='bbox 721 1786 784 1811; x_wconf 89' lang='lat' dir='ltr'>quo</span> <span class='ocrx_word' id='word_1_281' title='bbox 798 1777 885 1804; x_wconf 84' lang='lat' dir='ltr'>hanc</span> <span class='ocrx_word' id='word_1_282' title='bbox 897 1777 1060 1812; x_wconf 79' lang='lat' dir='ltr'>sedarent,</span> <span class='ocrx_word' id='word_1_283' title='bbox 1077 1776 1205 1804; x_wconf 82' lang='lat' dir='ltr'>dederit</span> <span class='ocrx_word' id='word_1_284' title='bbox 1217 1798 1223 1804; x_wconf 88' lang='lat'>.</span> <span class='ocrx_word' id='word_1_285' title='bbox 1539 1784 1586 1810; x_wconf 84' lang='lat'>157</span> 
     </span>
     <span class='ocr_line' id='line_1_36' title="bbox 259 1826 1493 1862; baseline -0.001 -8"><span class='ocrx_word' id='word_1_286' title='bbox 259 1827 345 1854; x_wconf 88' lang='lat' dir='ltr'>XVI.</span> <span class='ocrx_word' id='word_1_287' title='bbox 369 1827 414 1855; x_wconf 92' lang='lat' dir='ltr'>Ut</span> <span class='ocrx_word' id='word_1_288' title='bbox 443 1827 531 1854; x_wconf 80' lang='lat' dir='ltr'>idem</span> <span class='ocrx_word' id='word_1_289' title='bbox 559 1827 731 1854; x_wconf 77' lang='lat' dir='ltr'>admotum</span> <span class='ocrx_word' id='word_1_290' title='bbox 758 1827 799 1854; x_wconf 86' lang='lat' dir='ltr'>ab</span> <span class='ocrx_word' id='word_1_291' title='bbox 827 1826 976 1854; x_wconf 88' lang='lat' dir='ltr'>hostibus</span> <span class='ocrx_word' id='word_1_292' title='bbox 1003 1827 1078 1854; x_wconf 88' lang='lat' dir='ltr'>urbi</span> <span class='ocrx_word' id='word_1_293' title='bbox 1105 1826 1212 1862; x_wconf 87' lang='lat' dir='ltr'>regiae</span> <span class='ocrx_word' id='word_1_294' title='bbox 1236 1826 1347 1862; x_wconf 85' lang='lat' dir='ltr'>ignem</span> <span class='ocrx_word' id='word_1_295' title='bbox 1369 1827 1493 1854; x_wconf 89' lang='lat' dir='ltr'>orando</span> 
     </span>
     <span class='ocr_line' id='line_1_37' title="bbox 375 1866 1585 1899; baseline -0.001 -6"><span class='ocrx_word' id='word_1_296' title='bbox 375 1866 538 1894; x_wconf 86' lang='lat' dir='ltr'>amouerit</span> <span class='ocrx_word' id='word_1_297' title='bbox 580 1887 587 1894; x_wconf 92' lang='lat'>.</span> <span class='ocrx_word' id='word_1_298' title='bbox 1538 1867 1585 1899; x_wconf 87' lang='grc'>158</span> 
     </span>
     <span class='ocr_line' id='line_1_38' title="bbox 260 1916 1493 1951; baseline -0.001 -7"><span class='ocrx_word' id='word_1_299' title='bbox 260 1917 363 1945; x_wconf 83' lang='lat' dir='ltr'>XVII.</span> <span class='ocrx_word' id='word_1_300' title='bbox 387 1918 432 1945; x_wconf 87' lang='lat' dir='ltr'>Ut</span> <span class='ocrx_word' id='word_1_301' title='bbox 454 1918 590 1951; x_wconf 86' lang='lat' dir='ltr'>apposta</span> <span class='ocrx_word' id='word_1_302' title='bbox 611 1916 775 1951; x_wconf 84' lang='lat' dir='ltr'>ecclesiae,</span> <span class='ocrx_word' id='word_1_303' title='bbox 792 1916 845 1944; x_wconf 87' lang='lat' dir='ltr'>cui</span> <span class='ocrx_word' id='word_1_304' title='bbox 867 1916 955 1944; x_wconf 84' lang='lat' dir='ltr'>idem</span> <span class='ocrx_word' id='word_1_305' title='bbox 976 1917 1179 1944; x_wconf 83' lang='lat' dir='ltr'>adcumbens</span> <span class='ocrx_word' id='word_1_306' title='bbox 1204 1916 1338 1950; x_wconf 81' lang='lat' dir='ltr'>obierat,</span> <span class='ocrx_word' id='word_1_307' title='bbox 1355 1917 1493 1944; x_wconf 84' lang='lat' dir='ltr'>ardente</span> 
     </span>
     <span class='ocr_line' id='line_1_39' title="bbox 375 1956 1493 1991; baseline 0 -7"><span class='ocrx_word' id='word_1_308' title='bbox 375 1959 484 1984; x_wconf 91' lang='lat' dir='ltr'>cetera</span> <span class='ocrx_word' id='word_1_309' title='bbox 496 1958 604 1991; x_wconf 84' lang='lat' dir='ltr'>domu,</span> <span class='ocrx_word' id='word_1_310' title='bbox 621 1956 764 1983; x_wconf 84' lang='lat' dir='ltr'>flammis</span> <span class='ocrx_word' id='word_1_311' title='bbox 783 1956 912 1984; x_wconf 87' lang='lat' dir='ltr'>absumi</span> <span class='ocrx_word' id='word_1_312' title='bbox 933 1956 1139 1991; x_wconf 76' lang='lat' dir='ltr'>nequiuerit5</span> <span class='ocrx_word' id='word_1_313' title='bbox 1162 1958 1194 1984; x_wconf 89' lang='lat' dir='ltr'>et</span> <span class='ocrx_word' id='word_1_314' title='bbox 1209 1956 1249 1983; x_wconf 88' lang='lat' dir='ltr'>de</span> <span class='ocrx_word' id='word_1_315' title='bbox 1267 1956 1402 1983; x_wconf 84' lang='lat' dir='ltr'>interna</span> <span class='ocrx_word' id='word_1_316' title='bbox 1420 1956 1493 1984; x_wconf 79' lang='lat' dir='ltr'>uita</span> 
     </span>
     <span class='ocr_line' id='line_1_40' title="bbox 376 1996 1564 2029; baseline -0.002 -6"><span class='ocrx_word' id='word_1_317' title='bbox 376 1996 446 2024; x_wconf 89' lang='lat' dir='ltr'>eius</span> <span class='ocrx_word' id='word_1_318' title='bbox 487 2017 493 2023; x_wconf 95' lang='lat'>.</span> <span class='ocrx_word' id='word_1_319' title='bbox 578 2017 584 2023; x_wconf 96' lang='lat'>.</span> <span class='ocrx_word' id='word_1_320' title='bbox 669 2017 675 2023; x_wconf 94' lang='lat'>.</span> <span class='ocrx_word' id='word_1_321' title='bbox 850 2016 856 2023; x_wconf 92' lang='lat'>.</span> <span class='ocrx_word' id='word_1_322' title='bbox 941 2017 947 2023; x_wconf 94' lang='lat'>.</span> <span class='ocrx_word' id='word_1_323' title='bbox 1211 2016 1218 2023; x_wconf 90' lang='lat'>.</span> <span class='ocrx_word' id='word_1_324' title='bbox 1481 2016 1488 2022; x_wconf 97' lang='lat'>.</span> <span class='ocrx_word' id='word_1_325' title='bbox 1535 2003 1564 2029; x_wconf 87' lang='grc'>15</span> 
     </span>
     <span class='ocr_line' id='line_1_41' title="bbox 258 2004 1584 2081; baseline -0.002 -6.997"><span class='ocrx_word' id='word_1_326' title='bbox 258 2047 381 2074; x_wconf 86' lang='lat' dir='ltr'>XVIII.</span> <span class='ocrx_word' id='word_1_327' title='bbox 408 2047 453 2074; x_wconf 83' lang='lat' dir='ltr'>De</span> <span class='ocrx_word' id='word_1_328' title='bbox 468 2046 540 2074; x_wconf 89' lang='lat' dir='ltr'>uita</span> <span class='ocrx_word' id='word_1_329' title='bbox 554 2047 609 2074; x_wconf 88' lang='lat' dir='ltr'>uel</span> <span class='ocrx_word' id='word_1_330' title='bbox 622 2048 728 2073; x_wconf 87' lang='lat' dir='ltr'>morte</span> <span class='ocrx_word' id='word_1_331' title='bbox 743 2045 888 2081; x_wconf 88' lang='lat' dir='ltr'>religiosi</span> <span class='ocrx_word' id='word_1_332' title='bbox 902 2045 986 2081; x_wconf 88' lang='lat' dir='ltr'>regis</span> <span class='ocrx_word' id='word_1_333' title='bbox 1002 2017 1163 2080; x_wconf 85' lang='lat' dir='ltr'>Sigbercti</span> <span class='ocrx_word' id='word_1_334' title='bbox 1212 2067 1218 2073; x_wconf 95' lang='lat'>.</span> <span class='ocrx_word' id='word_1_335' title='bbox 1537 2004 1584 2072; x_wconf 72' lang='grc' dir='ltr'>1όί</span> 
     </span>
     <span class='ocr_line' id='line_1_42' title="bbox 259 2095 1493 2132; baseline -0.001 -7.999"><span class='ocrx_word' id='word_1_336' title='bbox 259 2097 347 2124; x_wconf 88' lang='lat' dir='ltr'>XIX.</span> <span class='ocrx_word' id='word_1_337' title='bbox 373 2097 417 2124; x_wconf 90' lang='lat' dir='ltr'>Ut</span> <span class='ocrx_word' id='word_1_338' title='bbox 432 2097 574 2125; x_wconf 88' lang='lat' dir='ltr'>Furseus</span> <span class='ocrx_word' id='word_1_339' title='bbox 595 2097 683 2131; x_wconf 86' lang='lat' dir='ltr'>apud</span> <span class='ocrx_word' id='word_1_340' title='bbox 705 2097 890 2124; x_wconf 83' lang='lat' dir='ltr'>Orientales</span> <span class='ocrx_word' id='word_1_341' title='bbox 910 2096 1034 2132; x_wconf 84' lang='lat' dir='ltr'>Anglos</span> <span class='ocrx_word' id='word_1_342' title='bbox 1050 2095 1287 2124; x_wconf 87' lang='lat' dir='ltr'>monasterium</span> <span class='ocrx_word' id='word_1_343' title='bbox 1305 2095 1438 2130; x_wconf 82' lang='lat' dir='ltr'>feeerit3</span> <span class='ocrx_word' id='word_1_344' title='bbox 1460 2098 1493 2123; x_wconf 89' lang='lat' dir='ltr'>et</span> 
     </span>
     <span class='ocr_line' id='line_1_43' title="bbox 376 2135 1493 2171; baseline -0.001 -8"><span class='ocrx_word' id='word_1_345' title='bbox 376 2137 415 2163; x_wconf 87' lang='lat' dir='ltr'>de</span> <span class='ocrx_word' id='word_1_346' title='bbox 430 2136 612 2164; x_wconf 85' lang='lat' dir='ltr'>uisionibus</span> <span class='ocrx_word' id='word_1_347' title='bbox 626 2137 681 2163; x_wconf 85' lang='lat' dir='ltr'>uel</span> <span class='ocrx_word' id='word_1_348' title='bbox 695 2136 873 2164; x_wconf 82' lang='lat' dir='ltr'>sanctitate</span> <span class='ocrx_word' id='word_1_349' title='bbox 889 2136 967 2171; x_wconf 88' lang='grc'>01115,</span> <span class='ocrx_word' id='word_1_350' title='bbox 984 2135 1037 2163; x_wconf 86' lang='grc'>0111</span> <span class='ocrx_word' id='word_1_351' title='bbox 1052 2135 1153 2163; x_wconf 84' lang='lat' dir='ltr'>etiam</span> <span class='ocrx_word' id='word_1_352' title='bbox 1169 2144 1245 2163; x_wconf 87' lang='lat' dir='ltr'>caro</span> <span class='ocrx_word' id='word_1_353' title='bbox 1259 2136 1332 2170; x_wconf 90' lang='lat' dir='ltr'>post</span> <span class='ocrx_word' id='word_1_354' title='bbox 1351 2137 1493 2164; x_wconf 85' lang='lat' dir='ltr'>mortem</span> 
     </span>
     <span class='ocr_line' id='line_1_44' title="bbox 375 2175 1582 2210; baseline 0 -8"><span class='ocrx_word' id='word_1_355' title='bbox 375 2175 568 2210; x_wconf 84' lang='lat' dir='ltr'>incorrupta</span> <span class='ocrx_word' id='word_1_356' title='bbox 582 2175 814 2203; x_wconf 87' lang='lat' dir='ltr'>testimonium</span> <span class='ocrx_word' id='word_1_357' title='bbox 827 2175 1033 2209; x_wconf 86' lang='lat' dir='ltr'>perhibuerit</span> <span class='ocrx_word' id='word_1_358' title='bbox 1211 2196 1218 2202; x_wconf 90' lang='lat'>.</span> <span class='ocrx_word' id='word_1_359' title='bbox 1482 2196 1489 2202; x_wconf 91' lang='lat'>.</span> <span class='ocrx_word' id='word_1_360' title='bbox 1535 2176 1582 2209; x_wconf 83' lang='lat'>163</span> 
     </span>
     <span class='ocr_line' id='line_1_45' title="bbox 259 2196 1493 2261; baseline -0.002 -6.997"><span class='ocrx_word' id='word_1_361' title='bbox 259 2227 329 2254; x_wconf 88' lang='lat' dir='ltr'>XX.</span> <span class='ocrx_word' id='word_1_362' title='bbox 354 2227 408 2261; x_wconf 85' lang='lat' dir='ltr'>Ut,</span> <span class='ocrx_word' id='word_1_363' title='bbox 425 2226 580 2254; x_wconf 86' lang='lat' dir='ltr'>defuncto</span> <span class='ocrx_word' id='word_1_364' title='bbox 591 2226 746 2261; x_wconf 76' lang='lat' dir='ltr'>Honorio,</span> <span class='ocrx_word' id='word_1_365' title='bbox 760 2226 955 2260; x_wconf 88' lang='lat' dir='ltr'>pontificatu</span> <span class='ocrx_word' id='word_1_366' title='bbox 969 2225 1012 2253; x_wconf 89' lang='lat' dir='ltr'>sit</span> <span class='ocrx_word' id='word_1_367' title='bbox 1021 2225 1158 2253; x_wconf 87' lang='lat' dir='ltr'>functus</span> <span class='ocrx_word' id='word_1_368' title='bbox 1169 2196 1366 2260; x_wconf 80' lang='lat' dir='ltr'>Deusdedit;</span> <span class='ocrx_word' id='word_1_369' title='bbox 1389 2226 1421 2253; x_wconf 90' lang='lat' dir='ltr'>et</span> <span class='ocrx_word' id='word_1_370' title='bbox 1436 2224 1493 2260; x_wconf 76' lang='lat' dir='ltr'>qui</span> 
     </span>
     <span class='ocr_line' id='line_1_46' title="bbox 374 2264 1493 2300; baseline 0 -8"><span class='ocrx_word' id='word_1_371' title='bbox 374 2268 519 2300; x_wconf 74' lang='lat' dir='ltr'>tempore</span> <span class='ocrx_word' id='word_1_372' title='bbox 541 2265 598 2292; x_wconf 91' lang='lat' dir='ltr'>illo</span> <span class='ocrx_word' id='word_1_373' title='bbox 619 2265 839 2293; x_wconf 73' lang='lat' dir='ltr'>Orientalium</span> <span class='ocrx_word' id='word_1_374' title='bbox 857 2265 1051 2300; x_wconf 79' lang='lat' dir='ltr'>Anglorum,</span> <span class='ocrx_word' id='word_1_375' title='bbox 1069 2265 1126 2299; x_wconf 89' lang='lat' dir='ltr'>qui</span> <span class='ocrx_word' id='word_1_376' title='bbox 1147 2264 1318 2293; x_wconf 83' lang='lat' dir='ltr'>Hrofensis</span> <span class='ocrx_word' id='word_1_377' title='bbox 1339 2264 1493 2292; x_wconf 86' lang='lat' dir='ltr'>ecclesiae</span> 
     </span>
     <span class='ocr_line' id='line_1_47' title="bbox 375 2305 1584 2340; baseline -0.001 -8"><span class='ocrx_word' id='word_1_378' title='bbox 375 2305 501 2333; x_wconf 87' lang='lat' dir='ltr'>fuerint</span> <span class='ocrx_word' id='word_1_379' title='bbox 515 2305 683 2333; x_wconf 86' lang='lat' dir='ltr'>antistites</span> <span class='ocrx_word' id='word_1_380' title='bbox 1480 2325 1487 2331; x_wconf 91' lang='lat'>.</span> <span class='ocrx_word' id='word_1_381' title='bbox 1533 2305 1584 2340; x_wconf 88' lang='lat'>169</span> 
     </span>
     <span class='ocr_line' id='line_1_48' title="bbox 259 2354 1494 2390; baseline -0.001 -7"><span class='ocrx_word' id='word_1_382' title='bbox 259 2355 348 2383; x_wconf 86' lang='lat' dir='ltr'>XXI.</span> <span class='ocrx_word' id='word_1_383' title='bbox 372 2355 417 2383; x_wconf 88' lang='lat' dir='ltr'>Ut</span> <span class='ocrx_word' id='word_1_384' title='bbox 439 2355 611 2390; x_wconf 85' lang='lat' dir='ltr'>prouincia</span> <span class='ocrx_word' id='word_1_385' title='bbox 636 2355 955 2383; x_wconf 83' lang='lat' dir='ltr'>Mediterraneorum</span> <span class='ocrx_word' id='word_1_386' title='bbox 982 2354 1167 2390; x_wconf 88' lang='lat' dir='ltr'>Anglorum</span> <span class='ocrx_word' id='word_1_387' title='bbox 1197 2355 1256 2382; x_wconf 87' lang='lat' dir='ltr'>sub</span> <span class='ocrx_word' id='word_1_388' title='bbox 1284 2363 1358 2390; x_wconf 87' lang='lat' dir='ltr'>rege</span> <span class='ocrx_word' id='word_1_389' title='bbox 1386 2354 1494 2382; x_wconf 77' lang='lat' dir='ltr'>Peada</span> 
     </span>
     <span class='ocr_line' id='line_1_49' title="bbox 376 2393 1580 2422; baseline 0 -1"><span class='ocrx_word' id='word_1_390' title='bbox 376 2394 558 2422; x_wconf 85' lang='lat' dir='ltr'>christiana</span> <span class='ocrx_word' id='word_1_391' title='bbox 571 2395 615 2422; x_wconf 88' lang='lat' dir='ltr'>sit</span> <span class='ocrx_word' id='word_1_392' title='bbox 629 2395 719 2422; x_wconf 84' lang='lat' dir='ltr'>facta</span> <span class='ocrx_word' id='word_1_393' title='bbox 759 2416 765 2422; x_wconf 96' lang='lat'>.</span> <span class='ocrx_word' id='word_1_394' title='bbox 1479 2414 1486 2421; x_wconf 94' lang='lat'>.</span> <span class='ocrx_word' id='word_1_395' title='bbox 1538 2393 1580 2421; x_wconf 89' lang='lat' dir='ltr'>ib.</span> 
     </span>
     <span class='ocr_line' id='line_1_50' title="bbox 259 2444 1492 2479; baseline -0.001 -7"><span class='ocrx_word' id='word_1_396' title='bbox 259 2445 366 2472; x_wconf 89' lang='lat' dir='ltr'>XXII.</span> <span class='ocrx_word' id='word_1_397' title='bbox 390 2445 435 2473; x_wconf 91' lang='lat' dir='ltr'>Ut</span> <span class='ocrx_word' id='word_1_398' title='bbox 457 2445 640 2473; x_wconf 88' lang='lat' dir='ltr'>Orientales</span> <span class='ocrx_word' id='word_1_399' title='bbox 662 2446 805 2473; x_wconf 86' lang='lat' dir='ltr'>Saxones</span> <span class='ocrx_word' id='word_1_400' title='bbox 825 2445 932 2479; x_wconf 80' lang='lat' dir='ltr'>fidem,</span> <span class='ocrx_word' id='word_1_401' title='bbox 949 2453 1049 2479; x_wconf 88' lang='lat' dir='ltr'>quam</span> <span class='ocrx_word' id='word_1_402' title='bbox 1070 2445 1197 2472; x_wconf 86' lang='lat' dir='ltr'>dudum</span> <span class='ocrx_word' id='word_1_403' title='bbox 1218 2444 1416 2479; x_wconf 79' lang='lat' dir='ltr'>abiecerant,</span> <span class='ocrx_word' id='word_1_404' title='bbox 1432 2444 1492 2472; x_wconf 90' lang='lat' dir='ltr'>sub</span> 
     </span>
     <span class='ocr_line' id='line_1_51' title="bbox 376 2484 1581 2520; baseline 0 -9"><span class='ocrx_word' id='word_1_405' title='bbox 376 2493 450 2520; x_wconf 86' lang='lat' dir='ltr'>rege</span> <span class='ocrx_word' id='word_1_406' title='bbox 466 2485 642 2520; x_wconf 80' lang='lat' dir='ltr'>sigbercto,</span> <span class='ocrx_word' id='word_1_407' title='bbox 658 2485 869 2519; x_wconf 85' lang='lat' dir='ltr'>praedicante</span> <span class='ocrx_word' id='word_1_408' title='bbox 884 2485 991 2512; x_wconf 86' lang='lat' dir='ltr'>Ceddo</span> <span class='ocrx_word' id='word_1_409' title='bbox 1005 2484 1189 2519; x_wconf 87' lang='lat' dir='ltr'>receperint</span> <span class='ocrx_word' id='word_1_410' title='bbox 1216 2505 1223 2512; x_wconf 93' lang='lat'>.</span> <span class='ocrx_word' id='word_1_411' title='bbox 1486 2504 1493 2511; x_wconf 88' lang='lat'>.</span> <span class='ocrx_word' id='word_1_412' title='bbox 1539 2493 1581 2519; x_wconf 92' lang='grc'>171</span> 
     </span>
    </p>
   </div>
   <div class='ocr_carea' id='block_1_4' title="bbox 258 2556 1585 2621">
    <p class='ocr_par' dir='ltr' id='par_1_4' title="bbox 258 2556 1585 2621">
     <span class='ocr_line' id='line_1_52' title="bbox 293 2556 1585 2588; baseline -0.001 -6"><span class='ocrx_word' id='word_1_413' title='bbox 293 2558 301 2574; x_wconf 90' lang='lat'>¹</span> <span class='ocrx_word' id='word_1_414' title='bbox 320 2558 404 2582; x_wconf 83' lang='lat' dir='ltr'>After</span> <span class='ocrx_word' id='word_1_415' title='bbox 421 2557 471 2581; x_wconf 82' lang='lat' dir='ltr'>the</span> <span class='ocrx_word' id='word_1_416' title='bbox 489 2559 553 2582; x_wconf 76' lang='lat' dir='ltr'>text</span> <span class='ocrx_word' id='word_1_417' title='bbox 570 2557 601 2582; x_wconf 85' lang='lat' dir='ltr'>of</span> <span class='ocrx_word' id='word_1_418' title='bbox 619 2557 697 2581; x_wconf 85' lang='lat' dir='ltr'>Book</span> <span class='ocrx_word' id='word_1_419' title='bbox 711 2557 758 2582; x_wconf 91' lang='lat'>11:</span> <span class='ocrx_word' id='word_1_420' title='bbox 783 2557 903 2588; x_wconf 86' lang='lat' dir='ltr'>explicit</span> <span class='ocrx_word' id='word_1_421' title='bbox 914 2557 989 2581; x_wconf 85' lang='lat' dir='ltr'>liber</span> <span class='ocrx_word' id='word_1_422' title='bbox 1003 2557 1152 2582; x_wconf 85' lang='lat' dir='ltr'>secundus.</span> <span class='ocrx_word' id='word_1_423' title='bbox 1171 2557 1276 2588; x_wconf 87' lang='lat' dir='ltr'>incipit</span> <span class='ocrx_word' id='word_1_424' title='bbox 1293 2556 1366 2580; x_wconf 86' lang='lat' dir='ltr'>liber</span> <span class='ocrx_word' id='word_1_425' title='bbox 1384 2556 1497 2582; x_wconf 69' lang='lat' dir='ltr'>tertius,</span> <span class='ocrx_word' id='word_1_426' title='bbox 1516 2556 1585 2581; x_wconf 80' lang='lat' dir='ltr'>haec</span> 
     </span>
     <span class='ocr_line' id='line_1_53' title="bbox 258 2590 1582 2621; baseline -0.002 -6"><span class='ocrx_word' id='word_1_427' title='bbox 258 2592 445 2615; x_wconf 78' lang='lat' dir='ltr'>continentur</span> <span class='ocrx_word' id='word_1_428' title='bbox 457 2591 487 2615; x_wconf 89' lang='lat' dir='ltr'>in</span> <span class='ocrx_word' id='word_1_429' title='bbox 501 2591 574 2615; x_wconf 82' lang='lat' dir='ltr'>libro</span> <span class='ocrx_word' id='word_1_430' title='bbox 590 2591 675 2615; x_wconf 82' lang='lat' dir='ltr'>tertio</span> <span class='ocrx_word' id='word_1_431' title='bbox 695 2591 829 2615; x_wconf 80' lang='lat' dir='ltr'>historiae</span> <span class='ocrx_word' id='word_1_432' title='bbox 848 2590 1050 2615; x_wconf 75' lang='lat' dir='ltr'>ecclesiasticae</span> <span class='ocrx_word' id='word_1_433' title='bbox 1067 2591 1160 2621; x_wconf 86' lang='lat' dir='ltr'>gentis</span> <span class='ocrx_word' id='word_1_434' title='bbox 1174 2591 1325 2621; x_wconf 86' lang='lat' dir='ltr'>anglorum</span> <span class='ocrx_word' id='word_1_435' title='bbox 1344 2590 1480 2621; x_wconf 82' lang='lat' dir='ltr'>capitula,</span> <span class='ocrx_word' id='word_1_436' title='bbox 1496 2590 1535 2616; x_wconf 83' lang='lat' dir='ltr'>M,</span> <span class='ocrx_word' id='word_1_437' title='bbox 1549 2591 1582 2616; x_wconf 86' lang='grc' dir='ltr'>Β.</span> 
     </span>
    </p>
   </div>
   <div class='ocr_carea' id='block_1_5' title="bbox 259 2622 1482 2657">
    <p class='ocr_par' dir='ltr' id='par_1_5' title="bbox 259 2622 1482 2657">
     <span class='ocr_line' id='line_1_54' title="bbox 259 2622 1482 2657; baseline -0.001 -7"><span class='ocrx_word' id='word_1_438' title='bbox 259 2626 303 2657; x_wconf 69' lang='lat' dir='ltr'>So,</span> <span class='ocrx_word' id='word_1_439' title='bbox 316 2625 452 2656; x_wconf 76' lang='lat' dir='ltr'>omitting</span> <span class='ocrx_word' id='word_1_440' title='bbox 464 2625 599 2657; x_wconf 78' lang='lat' dir='ltr'>capitula,</span> <span class='ocrx_word' id='word_1_441' title='bbox 614 2625 650 2651; x_wconf 77' lang='lat' dir='ltr'>N.</span> <span class='ocrx_word' id='word_1_442' title='bbox 688 2625 774 2651; x_wconf 78' lang='lat' dir='ltr'>Finit.</span> <span class='ocrx_word' id='word_1_443' title='bbox 788 2624 933 2657; x_wconf 84' lang='lat' dir='ltr'>incipiunt</span> <span class='ocrx_word' id='word_1_444' title='bbox 946 2624 1073 2656; x_wconf 83' lang='lat' dir='ltr'>capitula</span> <span class='ocrx_word' id='word_1_445' title='bbox 1085 2624 1148 2649; x_wconf 89' lang='lat' dir='ltr'>libli</span> <span class='ocrx_word' id='word_1_446' title='bbox 1160 2623 1193 2656; x_wconf 86' lang='grc' dir='ltr'>(ι’.</span> <span class='ocrx_word' id='word_1_447' title='bbox 1202 2632 1221 2649; x_wconf 74' lang='lat' dir='ltr'>e.</span> <span class='ocrx_word' id='word_1_448' title='bbox 1234 2623 1337 2655; x_wconf 86' lang='lat' dir='ltr'>libelli)</span> <span class='ocrx_word' id='word_1_449' title='bbox 1348 2623 1436 2654; x_wconf 77' lang='lat' dir='ltr'>tertii,</span> <span class='ocrx_word' id='word_1_450' title='bbox 1452 2622 1482 2649; x_wconf 84' lang='lat' dir='ltr'>C.</span> 
     </span>
    </p>
   </div>
   <div class='ocr_carea' id='block_1_6' title="bbox 1724 524 1788 2928">
    <p class='ocr_par' dir='ltr' id='par_1_6' title="bbox 1724 524 1788 2928">
     <span class='ocr_line' id='line_1_55' title="bbox 1724 524 1788 2928; baseline 0 0"><span class='ocrx_word' id='word_1_451' title='bbox 1724 524 1788 2928; x_wconf 95' lang='lat' dir='ltr'> </span> 
     </span>
    </p>
   </div>
  </div>
 </body>
</html>
