1803 2887
75 255 96 283 f.
113 265 146 292 9²
161 255 189 283 b.

71 1247 110 1275 cf.
129 1247 222 1276 Matt.

70 1295 115 1315 m.
132 1296 164 1322 7;

70 1325 146 1355 Luc.
161 1326 205 1355 iii.
220 1336 241 1362 7.

71 1496 111 1523 cf.
129 1496 177 1524 Ps.

70 1535 152 1563 xciv.
170 1546 193 1563 2.

70 1826 109 1854 cf.
130 1836 139 1853 ι
157 1827 226 1856 Cor.

69 1874 98 1893 v.
115 1875 139 1901 5.

269 149 347 179 Cn.
365 138 478 178 X'X111
493 143 646 187 [XXVM
703 136 855 179 Gentis
885 136 1157 190 A719Z07'um.
1443 137 1527 178 263

323 253 422 291 Erat
450 265 629 302 namque
657 251 701 289 in
730 251 873 289 eodem
899 247 905 301 1
929 250 1177 289 monasterio
1207 250 1274 288 uir
1302 251 1351 288 de
1380 263 1527 300 genere

268 318 512 365 Scottorum,
555 318 828 356 Adamnanus
865 316 1077 363 uocabulo,
1120 316 1273 353 ducens
1314 316 1445 353 uitam
1483 315 1527 353 in

268 383 524 421 continentia
554 384 594 420 et
623 381 877 419 orationibus
905 381 1089 418 multum
1113 381 1201 418 Deo
1230 381 1434 421 deuotam,
1470 380 1528 418 ita

268 450 317 486 ut
345 448 405 485 ni]
435 460 635 497 umquam
665 447 745 484 cibi
779 446 847 483 uel
876 448 1008 494 potus,
1034 447 1201 494 excepta
1229 445 1294 483 die
1323 445 1528 483 dominica

270 514 310 550 et
339 512 484 562 quinta
513 511 680 559 sabbati,
714 510 949 559 perciperet,
985 523 1103 559 saepe
1132 512 1271 548 autem
1300 512 1441 548 noctes
1470 511 1528 548 in—

268 579 402 627 tegras
430 577 605 626 peruigil
631 577 675 614 in
706 576 887 614 oratione
911 575 1164 624 transigeret.
1227 576 1338 624 Quae
1359 576 1527 625 quidem

267 643 331 681 illi
378 643 578 681 districtio
627 642 736 680 uitae
784 641 957 689 artioris,
1008 641 1145 690 primo
1189 654 1237 678 ex
1286 641 1527 679 necessitate

267 709 547 746 emendandae
573 721 669 745 suae
693 706 907 756 prauitatis
934 706 1167 754 obuenerat,
1192 707 1262 744 sed
1285 707 1527 755 procedente

267 776 453 822 tempore
473 773 759 810 necessitatem
779 771 823 809 in
846 771 1186 809 consuetudinem
1206 773 1397 810 uerterat.

323 840 534 889 Siquidem
560 840 604 876 in
633 838 910 876 adulescentia
939 851 1013 875 sua
1042 837 1206 875 sceleris
1235 838 1390 886 aliquid
1420 850 1526 875 com-

266 905 444 952 miserat,
481 905 591 954 quod
628 903 908 951 commissum,
947 902 1018 941 ubi
1052 903 1102 941 ad
1137 916 1205 940 cor
1236 916 1359 940 suum
1391 903 1521 950 rediit,

265 970 506 1020 grauissime
549 969 769 1017 exhorruit,
808 970 847 1006 et
885 982 927 1006 se
971 982 1044 1017 pro
1088 968 1162 1006 illo
1206 968 1465 1017 puniendum
1503 982 1526 1006 a

265 1036 450 1073 districto
471 1035 612 1073 Iudice
628 1035 812 1073 timebat.
856 1034 1067 1072 Accedens
1082 1047 1176 1083 ergo
1192 1034 1242 1071 ad
1257 1034 1521 1082 sacerdotem,

265 1114 288 1139 a
308 1114 387 1150 quo
407 1100 486 1138 sibi
506 1100 692 1150 sperabat
712 1100 791 1138 iter
818 1099 965 1137 salutis
984 1113 1102 1149 posse
1123 1099 1404 1145 demonstrari,
1430 1113 1524 1137 con-

266 1166 398 1204 fessus
426 1168 488 1204 est
519 1168 678 1204 reatum
712 1179 845 1212 suum,
869 1165 1078 1214 petiitque,
1112 1167 1159 1203 ut
1193 1165 1416 1203 consilium
1447 1165 1524 1203 sibi

269 1232 393 1279 daret,
433 1245 513 1281 quo
543 1233 679 1281 posset
712 1231 853 1280 fugere
883 1244 906 1268 a
939 1232 1114 1268 uentura
1146 1230 1217 1268 ira.
1277 1231 1356 1279 Qui
1385 1231 1525 1269 audito

268 1297 355 1335 eius
371 1297 590 1335 commisso
607 1296 708 1334 dixit
726 1311 734 1335 :
769 1298 777 1315 ‘
793 1297 957 1334 Grande
974 1297 1129 1334 uulnus
1144 1296 1370 1346 grandioris
1386 1309 1525 1334 curam

266 1363 467 1401 medellae
497 1362 697 1400 desiderat
714 1376 723 1410 ;
757 1363 797 1399 et
825 1361 916 1399 ideo
949 1361 1124 1408 ieiuniis,
1158 1361 1340 1410 psalmis,
1375 1364 1415 1399 et
1445 1375 1526 1399 ora-

266 1428 458 1468 tionibus.
497 1430 699 1476 quantum
728 1426 851 1473 uales,
885 1426 1039 1475 insiste,
1074 1440 1154 1476 quo
1191 1427 1524 1476 praeoccupando

265 1493 410 1531 faciem
432 1493 602 1531 Domini
621 1493 665 1530 in
688 1493 942 1530 confessione
965 1492 1191 1541 propitium
1215 1506 1310 1529 eum
1335 1492 1524 1530 inuenire

265 1559 511 1597 merearis¹.'
567 1559 627 1597 At
660 1558 742 1606 ille,
777 1571 900 1606 quem
935 1557 1090 1595 nimius
1127 1571 1217 1595 reae
1251 1557 1524 1596 conscientiae

264 1625 430 1663 tenebat
456 1624 579 1672 dolor,
603 1626 643 1661 et
669 1623 843 1661 internis
870 1625 1130 1672 peccatorum
1157 1623 1345 1671 uinculis,
1374 1623 1524 1672 quibus

263 1691 519 1740 grauabatur,
537 1690 646 1728 ocius
662 1689 916 1727 desiderabat
932 1689 1092 1727 absolui
1109 1704 1117 1727 ε
1153 1690 1160 1707 ‘
1176 1690 1522 1737 Adulescentior,'

262 1755 410 1804 inquit,
442 1756 555 1793 ‘sum
571 1757 716 1802 aetate,
733 1757 773 1793 et
794 1757 966 1804 uegetus
981 1768 1147 1804 corpore
1167 1769 1175 1802 3
1207 1754 1397 1804 quicquid
1419 1755 1524 1793 mihi

264 1820 495 1869 inposueris
533 1822 750 1870 agendum,
793 1821 1017 1858 dummodo
1057 1820 1195 1858 saluus
1238 1821 1336 1858 fiam
1374 1820 1419 1858 in
1458 1821 1522 1859 die

264 1887 445 1934 Domini,
481 1889 617 1925 totum
651 1887 768 1924 facile
799 1887 938 1933 feram,
976 1886 1098 1924 etiam
1131 1885 1166 1923 si
1195 1887 1325 1923 totam
1360 1888 1522 1924 noctem

263 1952 408 1989 stando
436 1952 480 1989 in
506 1952 695 2001 precibus
724 1965 925 2001 peragere,
957 1951 991 1989 si
1020 1952 1223 2000 integram
1249 1952 1522 2001 septimanam

261 2017 400 2055 iubeas
437 2018 681 2055 abstinendo
720 2017 972 2067 transigere.'
1029 2017 1109 2065 Qui
1147 2017 1276 2055 dixit:
1320 2018 1521 2055 ‘Multum

261 2084 332 2130 est,
367 2084 412 2120 ut
445 2085 531 2121 tota
562 2083 792 2132 septimana
821 2084 972 2132 absque
1001 2082 1198 2120 alimento
1228 2083 1407 2131 corporis
1436 2096 1521 2132 per-

261 2148 408 2195 dures;
438 2149 507 2187 sed
535 2149 764 2186 biduanum
787 2149 855 2187 uel
880 2149 1120 2186 triduanum
1140 2150 1203 2186 sat
1222 2150 1284 2186 est
1304 2149 1520 2187 obseruare

260 2213 476 2251 ieiunium.
535 2214 626 2252 Hoc
659 2214 791 2259 facito,
828 2215 957 2252 donec
990 2215 1081 2262 post
1115 2213 1321 2251 modicum
1355 2216 1521 2263 tempus

262 2279 425 2317 rediens
453 2280 503 2318 ad
533 2282 584 2327 te,
619 2280 715 2329 quid
747 2280 877 2317 facere
906 2279 1062 2327 debeas,
1092 2281 1132 2317 et
1163 2279 1357 2328 quamdiu
1386 2281 1521 2329 paeni-

261 2344 415 2382 tentiae
433 2345 622 2382 insistere
641 2345 718 2382 tibi
738 2345 902 2394 plenius
918 2345 1161 2382 ostendam?
1215 2345 1371 2392 Quibus
1386 2346 1516 2392 dictis,

263 2412 304 2447 et
336 2410 536 2458 descripta
567 2411 631 2448 illi
664 2424 859 2448 mensura
895 2410 1143 2459 paenitendi,
1183 2410 1282 2448 abiit
1320 2411 1515 2459 sacerdos,

262 2476 303 2512 et
340 2474 558 2524 ingruente
591 2489 711 2515 causa
749 2476 886 2514 subita
918 2475 1083 2513 secessit
1115 2475 1372 2525 Hiberniam,
1411 2478 1522 2516 unde

750 2573 761 2591 ¹
784 2575 946 2605 meriaris
962 2574 1007 2606 M.

1550 260 1647 294 Story
1662 260 1698 286 of

1550 300 1654 327 Adam
1659 308 1737 333 nan,

1551 347 1594 365 an
1610 338 1697 366 Irish

1552 378 1654 405 Monk

1551 842 1611 869 His
1625 842 1677 869 sin
1689 842 1755 869 and

1550 890 1664 916 repen-

1549 922 1654 949 tance.
