1803 2887
90 302 244 337 LangreS,

89 341 175 375 sept·
194 349 235 376 ²5)

91 381 149 414 716.

90 711 150 738 His
166 710 265 738 death

87 750 154 777 and
165 750 282 785 burial,

89 789 176 824 Sept.
194 797 235 824 25,
248 791 291 824 26,

90 829 147 862 716.

89 1414 132 1442 Of
144 1414 195 1441 his
209 1421 293 1441 com-

88 1453 239 1488 panions,

88 1501 175 1520 some
191 1500 239 1519 re-

88 1535 167 1560 turn
184 1531 292 1566 home,

88 1580 176 1599 some
191 1580 262 1605 pro-

90 1611 166 1637 ceecl
181 1612 215 1637 to

89 1651 199 1677 Rome.

91 2285 209 2312 Others
223 2293 271 2312 re-

90 2324 180 2352 main
196 2327 231 2351 at

91 2364 244 2398 Langres.

318 183 404 223 402
714 179 923 222 Historia
954 180 991 221 A
1000 179 1181 222 bbatum

318 297 423 333 tione
470 296 560 337 XV;
611 292 893 339 appliffcansque
941 294 981 329 in
1030 294 1146 340 pratis
1202 294 1366 330 eiusdem
1408 294 1578 330 ciuitatis
1601 296 1623 326 f.
1640 306 1672 333 32
1686 297 1716 326 b·

317 357 515 401 gratanter
544 366 566 388 a
592 354 780 399 Gangulfo
794 353 806 372 ¹
835 352 1030 398 regionum
1049 353 1199 388 illarum
1218 353 1369 388 domino
1388 355 1578 398 susceptus

319 416 387 457 est,
407 413 547 458 quippe
567 412 630 457 qui
654 412 777 457 ipsum
799 413 836 447 et
854 411 895 446 in
912 412 975 447 uia
995 411 1097 457 prius
1123 411 1322 447 inueniens
1345 411 1413 446 illo
1434 411 1576 453 uenire,

318 475 356 508 et
381 472 546 517 benigne
578 470 726 515 suscipi,
754 470 869 506 etiam
895 470 925 505 si
950 470 1031 515 ipse
1058 482 1135 505 non
1165 471 1323 512 adesset,
1358 470 1577 515 praecepit3

318 531 478 566 multum
497 531 702 571 obsecrans,
722 541 769 565 ne
791 529 880 565 inde
899 530 972 564 nisi
990 541 1115 574 sospes
1139 529 1272 573 abiret,
1292 530 1356 565 sed
1377 529 1432 564 ibi
1455 529 1579 573 potius

317 590 364 624 ad
392 589 475 624 loca
501 590 714 623 sanctorum
739 589 955 632 martyrum,
983 587 1014 622 si
1039 587 1096 622 ita
1130 587 1227 623 Deus
1256 586 1445 629 uoluisset,
1476 586 1578 622 uitae

317 647 490 683 caelestis
508 649 723 692 expectaret
740 646 948 682 introitum.

366 707 419 750 36.
448 705 617 750 Contigit
640 707 766 740 autem
785 707 826 740 ut
849 705 930 750 ipso
957 704 1027 744 die,
1053 716 1123 749 quo
1144 706 1311 746 uenerat,
1332 703 1430 739 circa
1447 704 1578 740 horam
1602 709 1701 738 Baed.
1716 709 1752 747 ἕξ

319 764 373 798 -Χ-
400 763 580 809 migraret
613 763 661 798 ad
692 763 901 800 Dominum.
936 763 1039 799 cuius
1074 774 1204 807 corpus
1235 774 1346 797 mane
1376 774 1513 808 magno
1539 764 1578 798 et
1602 758 1697 783 21-23-

316 821 495 857 comitum
513 821 632 866 ipsius
646 823 684 857 et
702 822 910 857 accolarum
925 821 1094 857 ciuitatis
1107 821 1208 855 illius
1221 820 1372 865 agmine
1388 823 1580 866 portatum

317 882 373 915 est
391 892 460 926 per
475 880 551 915 tria
573 881 690 916 ferme
717 880 825 915 milia
848 892 1022 926 passuum
1034 881 1047 900 ²
1065 881 1106 915 in
1124 880 1393 916 monasterium
1412 879 1579 915 eiusdem

318 939 519 985 Ganguulfi
532 939 554 980 ¹,
594 939 691 983 quod
730 942 811 975 erat
849 939 895 974 ad
930 939 1179 975 meridianam
1212 939 1365 985 plagam
1399 938 1577 981 ciuitatis,

317 998 439 1043 spatio
460 997 611 1033 circiter
633 997 787 1032 miliarii
806 1001 844 1033 et
867 997 1026 1039 dimidii,
1046 998 1307 1042 sepultumque
1335 997 1374 1031 in
1397 997 1581 1033 aecclesia

317 1059 528 1092 sanctorum
547 1059 755 1102 martyrum
772 1057 1019 1101 geminorum,
1035 1069 1192 1101 quorum
1207 1056 1360 1091 nomina
1375 1059 1460 1091 sunt
1472 1056 1578 1100 haec,

319 1114 558 1160 Speusippus,
578 1114 811 1159 Eleosippus,
830 1115 1075 1160 Meliosippus
1087 1116 1116 1156 3;
1143 1115 1206 1159 qui
1223 1127 1299 1150 una
1316 1115 1439 1160 geniti
1457 1117 1576 1151 matre

317 1185 390 1209 uno
425 1177 537 1219 partu
568 1173 622 1208 ibi
655 1173 812 1218 antiquo
845 1177 1016 1218 tempore
1050 1174 1232 1219 martyrio
1262 1174 1441 1215 coronati,
1470 1176 1509 1210 et
1537 1174 1578 1209 in

318 1232 447 1267 eodem
459 1231 541 1266 loco
553 1231 693 1275 sepulti
707 1233 807 1274 sunt,
820 1231 884 1266 ubi
899 1234 936 1266 et
950 1231 1036 1266 auia
1048 1231 1207 1272 illorum,
1223 1231 1373 1266 nomine
1386 1231 1576 1271 Leonella‚

318 1290 466 1335 sepulta
491 1292 558 1334 est,
584 1292 622 1325 et
647 1289 729 1334 ipsa
755 1301 822 1334 per
847 1289 1116 1325 confessionem
1146 1289 1317 1334 martyrii
1351 1301 1499 1335 egressa
1531 1290 1577 1326 de

317 1360 470 1393 corpore
482 1348 506 1384 ⁴.

365 1417 420 1451 37.
449 1406 604 1451 Sepulto
631 1406 748 1452 igitur
773 1408 892 1451 patre,
924 1406 1076 1450 quidam
1101 1419 1146 1442 ex
1180 1406 1368 1450 fratribus,
1404 1406 1467 1451 qui
1495 1419 1580 1442 eum
1601 1403 1642 1433 ib.

317 1466 564 1505 deduxerunt,
586 1464 749 1509 patriam
766 1465 918 1505 rediere,
938 1465 1124 1500 narraturi
1145 1465 1185 1499 in
1211 1465 1436 1500 monasterio
1460 1465 1577 1510 ipsius

317 1523 381 1558 ubi
405 1526 443 1559 et
461 1523 608 1567 quando
634 1522 814 1558 transiret
832 1535 850 1559 e
870 1535 1044 1568 corpore;
1071 1523 1224 1567 quidam
1244 1535 1332 1559 uero
1353 1523 1578 1568 dispositum

318 1582 474 1617 Romam
499 1581 574 1616 iter
598 1593 786 1626 peregere,
820 1581 984 1617 delaturi
1007 1593 1166 1617 munera
1191 1593 1285 1626 quae
1310 1582 1474 1618 miserat.
1532 1583 1577 1617 In

318 1640 453 1684 quibus
490 1639 671 1675 uidelicet
704 1639 922 1675 muneribus
960 1642 1040 1675 erat
1078 1640 1297 1683 Pandectes,
1328 1643 1370 1676 ut
1404 1641 1577 1682 diximus,

317 1700 320 1739 l
343 1698 661 1743 interpretatione
686 1698 791 1733 beati
821 1698 1031 1734 Hieronimi
1057 1698 1258 1743 presbiteri
1289 1711 1334 1734 ex
1365 1699 1514 1735 Hebreo
1540 1702 1578 1735 et
1601 1700 1670 1736 1233
1684 1709 1712 1729 a.

317 1757 435 1793 Grec-o
459 1757 564 1792 fonte
584 1756 804 1798 transfusus,
823 1757 963 1792 habens
982 1757 1021 1791 in
1039 1758 1164 1802 capite
1191 1757 1347 1802 scriptos
1365 1757 1579 1794 huiusmodi

317 1814 543 1850 uersiculos:

435 1906 575 1951 Corpus
593 1907 639 1941 ad
659 1906 790 1942 eximii
808 1906 941 1942 merito
960 1907 1177 1942 uenerabile
1197 1907 1309 1948 Petri,

482 1965 642 2000 Dedicat
661 1965 864 2001 aecclesiae
884 1977 995 2010 quem
1014 1964 1151 2010 caput⁵
1169 1965 1248 2000 alta
1265 1966 1366 2007 fides,

429 2023 648 2064 Ceolfridus,
667 2023 873 2069 Anglorum
895 2023 1070 2059 extremis
1085 2023 1096 2042 ⁶
1116 2024 1160 2059 de
1179 2024 1313 2058 finibus
1331 2024 1455 2065 abbas,

481 2081 619 2116 Deuoti
637 2082 792 2116 affectus
811 2081 970 2127 pignora
987 2081 1100 2116 mitto
1121 2081 1205 2117 mei.

435 2139 571 2183 Meque
590 2151 764 2184 meosque
785 2142 919 2184 optans
938 2139 1037 2174 tanti
1055 2139 1154 2174 inter
1167 2139 1307 2185 gaudia
1325 2139 1444 2184 patris

483 2198 527 2231 In
546 2198 660 2234 caelis
678 2210 881 2233 memorem
900 2209 1048 2242 semper
1063 2197 1199 2233 habere
1217 2197 1352 2232 locum.

365 2279 419 2323 38.
446 2278 556 2313 Porro
580 2278 733 2322 quidam
754 2278 794 2312 in
822 2279 951 2314 eadem
975 2278 1130 2313 ciuitate
1151 2277 1396 2323 Lingonense‚
1422 2281 1578 2324 propter
1599 2282 1643 2310 ib.

318 2346 484 2371 amorem
511 2336 653 2380 sepulti
680 2336 821 2371 ibidem
852 2336 1024 2381 parentis
1050 2335 1116 2377 sui,
1148 2335 1310 2371 residere
1340 2336 1577 2378 maluerunt;

318 2393 383 2437 qui
416 2396 545 2429 tamen
578 2396 709 2439 postea
743 2394 932 2430 destinata
965 2394 1122 2428 Romam
1155 2393 1336 2428 ueniendi
1369 2395 1460 2429 uota
1494 2406 1578 2429 con-

362 2502 372 2519 ¹
396 2505 550 2544 ganulfo,
569 2504 608 2534 -fi
625 2506 652 2536 δ.
775 2503 788 2523 ²
806 2514 956 2544 pasuum
972 2504 1018 2534 H.
1137 2505 1148 2522 ³
1171 2513 1399 2545 speusyppus,
1419 2505 1578 2544 eleusyp-

318 2569 394 2599 pus,
414 2560 664 2599 meleusyppus
679 2559 705 2590 δ.
807 2558 818 2575 4
843 2559 904 2598 qui
920 2568 992 2589 una
1009 2582 1016 2590 .
1035 2582 1043 2589 .
1067 2583 1073 2589 .
1093 2583 1100 2590 .
1119 2568 1258 2598 corpore
1275 2569 1332 2590 om.
1354 2559 1381 2590 δ.
1490 2558 1502 2576 ⁵
1525 2569 1577 2589 ca-

319 2611 391 2650 pud
409 2611 454 2642 H.
585 2610 597 2628 6
620 2611 792 2651 extrimis‚
811 2613 884 2640 with
901 2621 918 2641 r
934 2613 1037 2641 erased
1053 2610 1101 2641 H.

1796 283 1803 341 ij
