1803 2887
219 153 298 184 eff.
316 149 421 190 xm]
622 141 774 183 Gentis
803 139 1074 195 Anylorum.
1389 138 1471 178 235

217 255 433 293 inuenient
461 254 582 292 illum
611 254 696 301 hac,
720 254 767 291 ut
796 252 989 299 diximus,
1018 251 1084 289 die
1112 252 1278 299 raptum
1308 262 1395 287 esse
1425 249 1474 287 de

217 321 387 359 saeculo.
449 320 666 358 Celebrent
686 331 781 367 ergo
801 318 948 355 missas
966 330 1039 366 per
1059 318 1206 354 cuncta
1235 314 1474 352 monasterii

217 385 390 422 oratoria
419 384 553 428 huius,
588 384 674 422 siue
707 397 781 433 pro
814 382 1037 432 gratiarum
1068 381 1227 419 actione
1261 379 1473 418 exauditae

216 462 312 487 suae
332 449 662 499 deprecationis¹,
687 449 775 486 siue
803 448 930 486 etiam
958 447 1002 484 in
1031 445 1277 484 memoriam
1300 444 1474 494 praefati

215 514 323 563 regis
357 514 535 561 Osualdi,
570 513 641 563 qui
672 513 882 563 quondam
914 512 1099 561 ipsorum
1132 510 1248 560 genti
1280 510 1472 558 praeerat,

215 579 388 628 ideoque
407 593 480 628 pro
501 581 568 627 eis,
595 579 710 628 quasi
729 592 803 628 pro
824 591 919 616 suae
939 576 1075 626 gentis
1094 576 1276 622 aduenis,
1301 574 1474 624 supplex

215 645 355 682 orabat
386 646 437 683 ad
468 645 723 691 Dominum3
754 646 794 682 et
826 643 984 681 cunctis
1019 639 1385 680 conuenientibus²
1424 639 1473 676 ad

215 710 427 748 ecclesiam
473 710 679 757 fratribus,
731 708 1039 746 communicent
1086 719 1229 744 omnes
1267 704 1477 743 sacrificiis

215 776 469 823 caelestibus,
504 779 544 814 et
575 776 632 814 ita
663 776 798 813 soluto
829 774 982 812 ieiunio
1014 786 1161 822 corpus
1191 785 1354 822 quoque
1389 771 1476 809 suis

214 840 402 879 reficiant
422 841 658 879 alimentis.'

272 906 382 954 Quae
402 920 496 944 cum
516 907 656 944 omnia
676 908 819 944 uocato
840 905 889 944 ad
911 918 953 943 se
968 904 1210 954 presbytero
1229 915 1330 952 puer
1349 901 1476 940 uerba

215 974 432 1019 narrasset,
467 972 738 1021 interrogauit
770 985 866 1009 eum
905 970 1116 1017 sollicitus,
1156 969 1297 1018 quales
1337 970 1476 1006 essent

214 1037 359 1075 habitu
398 1037 466 1075 uel
504 1038 634 1086 specie
674 1037 763 1085 uiri,
807 1037 879 1086 qui
925 1036 1005 1074 sibi
1047 1036 1342 1084 apparuissent.
1404 1033 1476 1071 Re-

215 1103 409 1152 spondit:
444 1102 672 1141 ‘Praeclari
699 1103 870 1140 omnino
899 1101 1077 1149 habitus,
1112 1102 1152 1138 et
1185 1099 1328 1137 uultus
1359 1100 1475 1136 erant

213 1167 431 1206 laetissimi
478 1181 523 1206 ac
575 1167 856 1217 pulcherrimi,
910 1167 1050 1216 quales
1097 1178 1328 1214 numquam
1381 1166 1476 1202 ante

214 1233 410 1281 uideram,
453 1247 588 1283 neque
625 1234 785 1283 aliquos
822 1233 1044 1271 hominum
1083 1231 1192 1269 tanti
1231 1230 1387 1268 decoris
1431 1243 1475 1267 ac

214 1299 445 1337 uenustatis
478 1312 566 1337 esse
603 1313 721 1349 posse
760 1299 985 1337 credebam.
1048 1298 1169 1336 Unus
1207 1296 1375 1345 quidem
1413 1296 1477 1333 ad-

214 1366 362 1402 tonsus
399 1368 494 1412 erat,
530 1368 577 1403 ut
615 1365 794 1412 clericus,
829 1364 935 1402 alius
967 1363 1138 1402 barbam
1175 1361 1352 1400 habebat
1390 1374 1478 1410 pro-

213 1429 368 1478 lixam3
403 1431 683 1480 dicebantque,
718 1431 826 1480 quod
856 1443 965 1467 unus
998 1442 1141 1467 eorum
1171 1428 1332 1474 Petrus,
1366 1426 1471 1464 alius

213 1498 429 1534 uocaretur
458 1496 614 1534 Paulus
630 1511 638 1544 ;
677 1499 717 1534 et
746 1495 826 1545 ipsi
855 1497 990 1533 essent
1018 1493 1202 1532 ministri
1232 1492 1403 1531 Domini
1432 1494 1472 1530 et

214 1560 439 1599 Saluatoris
476 1562 611 1599 nostri
649 1562 744 1600 Iesu
784 1560 949 1609 Christi,
992 1561 1042 1598 ad
1081 1559 1304 1597 tuitionem
1343 1557 1473 1596 nostri

214 1627 454 1664 monasterii
496 1628 613 1665 missi
650 1628 700 1665 ab
739 1627 827 1676 ipso
867 1627 915 1664 de
955 1625 1102 1664 caelis.'
1160 1624 1343 1663 Credidit
1376 1637 1472 1674 ergo

214 1692 351 1730 uerbis
379 1693 494 1741 pueri
523 1693 748 1743 presbyter,
776 1693 845 1730 ac3
870 1692 1013 1730 statim
1044 1703 1229 1740 egressus
1257 1689 1473 1738 requisiuit

213 1757 257 1795 in
288 1758 435 1796 annale
470 1771 553 1806 suo,
589 1760 629 1796 et
660 1759 823 1796 inuenit
855 1759 996 1796 eadem
1030 1757 1117 1806 ipsa
1151 1756 1216 1794 die
1245 1756 1472 1794 Osualdum

214 1836 353 1872 regem
383 1823 510 1861 fuisse
543 1826 805 1872 peremtum3
835 1823 1072 1872 uocatisque
1101 1821 1308 1868 fratribus,
1341 1821 1474 1870 parari

213 1889 448 1937 prandium,
491 1890 638 1927 missas
677 1889 775 1936 fieri,
819 1891 943 1938 atque
987 1901 1133 1925 omnes
1170 1887 1473 1924 communicare

214 1967 327 1991 more
361 1955 484 1992 solito
514 1955 745 2004 praecepit3
780 1955 904 1992 simul
939 1956 977 1992 et
1007 1953 1239 1991 infirmanti
1266 1966 1394 2001 puero
1424 1953 1474 1990 de

214 2020 358 2057 eodem
392 2020 589 2058 sacrificio
624 2020 854 2058 dominicae
886 2018 1107 2057 oblationis
1139 2018 1383 2067 particulam
1412 2018 1475 2056 de-

213 2084 314 2123 ferri
333 2086 556 2124 mandauit.

269 2151 428 2199 Quibus
455 2151 511 2189 ita
544 2151 681 2201 gestis,
717 2165 802 2189 non
833 2150 967 2188 multo
996 2151 1088 2199 post
1117 2150 1259 2187 eadem
1291 2149 1379 2198 ipsa
1409 2149 1475 2188 die

213 2229 315 2265 puer
334 2217 553 2255 defunctus
575 2219 647 2265 est,
672 2230 826 2266 suaque
851 2218 985 2254 morte
1012 2215 1202 2264 probauit
1226 2228 1323 2252 uera
1348 2215 1475 2253 fuisse

215 2281 346 2328 uerba,
373 2295 476 2330 quae
503 2283 553 2320 ab
573 2282 767 2331 apostolis
794 2281 951 2320 Christi
975 2281 1168 2319 audierat.
1231 2280 1310 2318 Sed
1337 2282 1378 2318 et
1398 2280 1475 2318 hoc

216 2346 303 2384 eius
322 2347 459 2385 uerbis
478 2348 764 2385 testimonium
791 2347 1012 2397 perhibuit,
1038 2346 1146 2395 quod
1172 2359 1296 2383 nemo
1316 2348 1475 2395 praeter

216 2411 352 2460 ipsum
375 2415 560 2461 tempore
580 2413 654 2451 illo
675 2427 725 2451 ex
749 2413 892 2451 eodem
913 2414 974 2450 est
994 2411 1243 2450 monasterio
1263 2414 1403 2460 raptus
1425 2412 1474 2449 de

217 2478 384 2516 mundo.
445 2478 508 2515 Ex
541 2492 620 2528 qua
657 2479 861 2516 nimirum
898 2478 1058 2516 uisione
1095 2477 1230 2525 multi,
1268 2477 1339 2525 qui
1376 2477 1475 2515 haec

366 2574 377 2592 ¹
400 2585 477 2606 -nes
493 2575 554 2608 M¹.
750 2578 761 2594 ²
784 2576 915 2607 aduen-
931 2575 990 2608 M¹.
1187 2576 1199 2594 ³
1222 2576 1258 2606 at
1276 2575 1323 2606 M.
