1803 2887
57 745 155 771 Putta
170 751 243 769 con-

56 782 203 811 secrated
218 784 251 808 to

57 822 240 850 Rochester.

62 1340 189 1368 Ceadda

61 1380 174 1414 (chad)

63 1419 158 1446 made

62 1458 134 1486 bish
138 1467 177 1492 op
192 1458 227 1484 of

64 1498 120 1525 the

66 1537 235 1564 Mercians.

277 161 361 202 206
637 158 686 199 H
689 156 845 199 istoria
875 153 1182 197 Ecclesiastica
1369 159 1455 201 [Lm.
1474 162 1530 191 IV.

278 274 531 313 ordinandus
561 274 622 310 est
657 272 833 319 missus;
864 272 904 308 et
925 269 1118 319 quoniam
1147 270 1241 307 ante
1271 267 1532 306 Theodorum

279 340 409 386 rediit,
451 340 538 388 ipse
585 338 709 375 etiam
743 336 786 373 in
827 336 971 374 Cantia
1000 336 1237 383 presbyteros
1273 337 1307 372 et
1345 334 1529 378 diaconos,

281 405 513 454 usquedum
541 402 866 451 archiepiscopus
895 401 945 439 ad
975 400 1115 438 sedem
1144 412 1261 436 suam
1286 397 1531 447 perueniret,

282 469 501 508 ordinabat.
562 469 619 506 At
640 467 726 516 ipse
746 466 921 504 ueniens
944 479 1041 503 mox
1060 465 1104 502 in
1125 464 1291 502 ciuitate
1311 463 1443 511 Hrofi,
1466 462 1537 500 ubi

282 535 477 573 defuncto
497 533 700 572 Damiano
721 532 974 581 episcopatus
987 530 1068 568 iam
1089 530 1159 567 diu
1181 530 1415 576 cessauerat,
1433 527 1537 565 ordi-

283 601 398 638 nauit
414 601 553 638 uirum
574 599 705 648 magis
726 597 1009 636 ecclesiasticis
1032 595 1261 644 disciplinis
1281 594 1533 641 institutum,

283 667 324 702 et
369 664 478 701 uitae
521 663 785 712 simplicitate
827 663 1082 707 contentum,
1130 673 1255 709 quam
1294 659 1340 696 in
1388 658 1538 696 saeculi

283 729 405 766 rebus
443 732 672 768 strenuum.
711 727 776 765 cui
815 740 968 764 nomen
1007 727 1092 764 erat
1131 723 1311 772 Putta¹3
1359 723 1538 762 maxime

283 796 421 832 autem
473 793 715 831 modulandi
763 793 807 831 in
856 792 1024 830 ecclesia
1073 803 1187 829 more
1213 788 1217 831 Ι
1243 791 1535 836 Romanorum,

285 873 409 909 quem
456 873 478 897 a
517 858 728 908 discipulis
776 858 885 896 beati
926 870 1053 907 papae
1101 856 1289 905 Gregorii
1331 855 1536 902 didicerat⁷

283 925 473 974 peritum.

786 1077 907 1115 CAP.
932 1077 1015 1115 ΙΙΙ.

292 1193 327 1221 Ut
345 1192 473 1229 CemMa,
493 1192 527 1219 [Ze
543 1198 599 1225 quo
620 1198 715 1224 supra
731 1190 847 1217 dictum
870 1190 922 1225 est,
933 1189 1115 1223 prouinciae
1131 1189 1313 1218 Merciorum
1334 1190 1374 1218 sit
1393 1191 1546 1225 episcopus

548 1244 648 1278 (latus,
668 1243 693 1270 et
708 1242 743 1270 cle
758 1242 827 1269 uita
843 1243 868 1270 et
880 1238 983 1269 ²obita
998 1243 1024 1270 et
1040 1242 1193 1276 sepultura
1211 1242 1286 1271 eius.

344 1326 405 1364 Eo
443 1327 626 1375 tempore
664 1324 896 1373 prouinciae
943 1323 1189 1362 Merciorum
1235 1337 1305 1362 rex
1351 1324 1548 1362 Uulfheri

290 1391 475 1441 praefuit,
518 1390 599 1439 qui,
643 1403 738 1427 cum
775 1391 938 1427 mortuo
976 1389 1230 1427 Iarumanno
1267 1390 1345 1427 sibi
1387 1402 1548 1438 quoque

291 1457 456 1505 suisque
487 1469 509 1493 a
543 1455 754 1493 Theodoro
789 1455 1024 1504 episcopum
1056 1455 1143 1492 dari
1176 1457 1343 1504 peteret,
1377 1468 1461 1493 non
1490 1455 1548 1492 eis

292 1535 449 1560 nouum
491 1520 625 1559 uoluit
677 1520 863 1558 ordinare
902 1521 1167 1569 episcopum3
1215 1521 1284 1558 sed
1323 1520 1549 1569 postulauit

293 1602 316 1626 a
335 1601 428 1637 rege
458 1587 582 1626 Osujo
599 1586 622 1634 4,
646 1588 694 1624 ut
722 1585 808 1623 illis
838 1585 1052 1634 episcopus
1081 1586 1240 1624 Ceadda
1270 1586 1445 1634 daretur,
1479 1584 1550 1634 qui

293 1656 393 1692 tunc
429 1654 474 1690 in
512 1652 763 1690 monasterio
809 1665 894 1699 suo,
938 1652 1047 1700 quod
1087 1653 1149 1689 est
1188 1652 1233 1689 in
1271 1650 1546 1701 Laestingae⁵,

295 1719 478 1768 quietam
524 1718 655 1756 uitam
702 1717 857 1767 agebat,
900 1717 1078 1755 Uilfrido
1123 1717 1439 1755 administrante
1475 1716 1553 1765 epi-

296 1786 508 1833 scopatum
528 1783 824 1821 Eboracensis⁶
846 1783 1047 1831 ecclesiae,
1076 1796 1149 1820 nec
1179 1796 1263 1821 non
1293 1784 1333 1821 et
1362 1783 1552 1820 omnium

296 1849 751 1899 Nordanhymbrorum,
788 1849 858 1887 sed
897 1851 938 1886 et
976 1849 1199 1892 Pictorum,
1232 1861 1444 1898 quousque
1482 1860 1555 1885 rex

296 1915 451 1953 Osuiu⁷
480 1915 703 1963 imperium
731 1915 972 1964 protendere
999 1916 1169 1963 poterat.
1231 1914 1285 1952 Et
1307 1915 1401 1963 quia
1429 1913 1555 1952 moris

297 1982 381 2018 erat
419 1981 552 2018 eidem
599 1980 934 2018 reuerentissimo
980 1980 1157 2018 antistiti
1205 1993 1306 2029 opus
1353 1979 1555 2029 euangelii

298 2047 428 2095 magis
449 2046 701 2084 ambulando
723 2059 795 2095 per
824 2045 920 2094 loca,
955 2059 1078 2095 quam
1105 2046 1326 2094 equitando
1346 2046 1549 2094 perficere,

298 2111 417 2149 iussit
438 2125 533 2148 eum
555 2112 802 2159 Theodorus,
827 2111 1076 2160 ubicumque
1094 2111 1257 2160 longius
1273 2113 1352 2149 iter
1369 2111 1550 2157 instaret,

299 2177 490 2225 equitare,
522 2177 784 2226 multumque
814 2177 1072 2224 renitentem,
1097 2176 1233 2214 studio
1263 2179 1303 2214 et
1332 2189 1470 2214 amore
1498 2176 1556 2225 pii

299 2241 461 2289 laboris,
486 2243 572 2291 ipse
599 2255 695 2280 eum
726 2256 851 2280 manu
876 2255 948 2280 sua
971 2241 1152 2280 leuauit⁸
1181 2243 1225 2279 in
1253 2255 1432 2291 equum;
1462 2242 1556 2291 quia

302 2307 503 2345 nimirum
536 2310 725 2345 sanctum
759 2321 847 2346 esse
879 2308 1017 2345 uirum
1052 2307 1261 2356 conperiit,
1298 2309 1420 2356 atque
1453 2320 1556 2356 equo

303 2373 408 2421 uehi,
443 2386 523 2422 quo
552 2375 658 2411 esset
688 2386 863 2421 necesse,
892 2373 1086 2422 conpulit.
1147 2373 1392 2422 Susceptum
1420 2373 1558 2422 itaque

347 2479 358 2496 ¹
381 2481 465 2518 puta
484 2480 527 2510 N.
637 2478 648 2495 ²
671 2482 706 2510 et
723 2480 766 2510 de
784 2480 829 2511 M.
848 2480 890 2511 N.
1010 2479 1021 2497 ³
1044 2490 1094 2510 -re
1111 2478 1166 2511 B2.
1308 2479 1319 2496 ⁴
1344 2481 1444 2511 osuiu
1462 2480 1499 2511 C.
1517 2479 1558 2510 N.

304 2529 316 2547 ⁵
339 2541 394 2570 -ga
412 2541 430 2562 e
446 2531 487 2561 Β1
506 2542 513 2570 ;
537 2541 592 2570 -ga
609 2532 644 2571 ig
659 2530 704 2562 Β2
726 2542 732 2570 ;
756 2532 927 2571 laestinge
945 2532 970 2562 O
986 2542 993 2569 3
1018 2531 1214 2571 lestingahe
1230 2532 1272 2563 N.
1429 2531 1440 2549 ⁶
1459 2533 1559 2563 ebur-

307 2583 344 2613 C.
362 2583 404 2615 N.
492 2583 503 2600 ⁷
529 2584 625 2614 osuio
642 2585 682 2615 Β.
781 2584 792 2602 ⁸
816 2584 950 2615 leuabit
965 2583 1018 2615 Bl.

1563 800 1584 828 f.
1599 811 1633 840 ‚72
1649 801 1677 827 b.

1572 1463 1611 1492 cf.

1572 1503 1707 1533 Eddius.

1572 1552 1597 1572 c.
1620 1551 1657 1578 15.

1579 1857 1618 1886 cf.
1635 1858 1674 1885 ib.
1693 1867 1709 1884 c

1579 1907 1618 1925 21.
