1803 2887
304 156 389 196 416
697 156 903 212 Epistola
932 156 1044 198 Beda
1075 155 1135 198 ad

304 271 383 320 ipsi
404 272 636 320 ualuerint3
666 272 730 311 uel
758 276 865 311 certe
893 286 996 323 quos
1019 272 1099 322 ipsi
1125 273 1174 311 de
1201 271 1285 310 suis
1312 272 1560 311 satellitibus

304 338 355 375 ad
388 338 691 387 suscipiendam
725 340 937 377 tonsuram
966 339 1166 388 promissa
1199 337 1277 375 sibi
1307 338 1560 377 obaedientia

304 405 543 443 monachica
565 405 740 443 inuitare
761 405 978 455 quiuerint.
1039 405 1203 443 Horum
1224 405 1408 444 distortis
1426 404 1561 443 cohor-

303 469 425 517 tibus,
447 483 549 517 suas,
571 483 671 519 quas
691 470 931 519 instruxere,
952 471 1073 509 cellas
1088 471 1273 520 implent,
1294 471 1559 519 multumque

304 535 472 572 informi
510 538 634 584 atque
681 535 891 574 inaudito¹
932 537 1170 586 spectaculo,
1212 536 1324 574 idem
1363 536 1442 585 ipsi
1479 535 1559 574 uiri

303 600 426 638 modo
460 600 646 650 coniugis
680 614 725 639 ac
763 601 987 640 liberorum
1020 602 1361 651 procreandorum
1395 601 1559 639 curam²

304 667 462 714 gerunt,
480 666 602 704 modo
622 668 885 715 exsurgentes
904 668 954 705 de
970 667 1183 712 cubilibus,
1201 666 1298 716 quid
1318 667 1427 705 intra
1446 669 1560 716 septa

302 730 645 768 monasteriorum
670 731 756 781 geri
782 731 937 780 debeat,
962 732 1104 770 sedula
1132 731 1363 770 intentione
1392 734 1560 780 pertrac-

302 797 403 834 tant.
467 795 577 843 Quin
598 796 723 834 etiam
743 797 829 835 suis
855 797 1097 846 coniugibus
1123 797 1252 835 simili
1275 797 1532 846 impudentia
1547 796 1560 816 ³

303 861 600 909 construendis,
617 863 664 899 ut
680 862 758 911 ipsi
774 862 900 911 aiunt,
918 863 1177 902 monasteriis
1196 864 1283 902 loca
1298 863 1555 912 conquirunt,

303 940 405 975 quae
443 926 531 975 pari
569 927 758 975 stultitia,
797 941 890 966 cum
929 929 1014 967 sint
1053 929 1186 977 laicae,
1230 929 1479 966 famularum
1518 941 1560 966 se

303 991 459 1030 Christi
505 993 755 1042 permittunt
803 1007 891 1032 esse
937 995 1123 1032 rectrices
1136 995 1159 1034 ⁴.
1263 994 1422 1042 Quibus
1468 996 1559 1043 apte

302 1058 497 1095 conuenit
530 1058 633 1097 illud
665 1059 781 1108 uulgi
818 1060 1099 1109 prouerbium,
1139 1059 1233 1109 quia
1265 1072 1412 1109 uespae
1444 1059 1559 1097 fauos

302 1123 471 1171 quidem
498 1124 628 1162 facere
658 1137 753 1162 cum
768 1125 781 1144 ⁵
800 1126 970 1175 possint,
995 1139 1080 1163 non
1106 1128 1247 1163 tamen
1269 1125 1314 1162 in
1334 1125 1401 1163 his
1420 1124 1554 1172 mella,

301 1189 371 1226 sed
391 1189 529 1237 potius
548 1202 707 1227 uenena
726 1190 1015 1229 thesaurizent.

71 1259 186 1295 Origin
205 1259 242 1287 of
360 1266 418 1301 13.
453 1254 519 1292 Sic
548 1268 621 1304 per
649 1268 780 1293 annos
807 1256 967 1293 circiter
990 1255 1171 1306 triginta,
1195 1256 1272 1294 hoc
1293 1257 1382 1302 est“‚
1408 1269 1457 1293 ex
1478 1269 1558 1304 quo

70 1299 126 1328 the
142 1302 272 1334 system.
300 1318 465 1357 Aldfrid
486 1333 557 1357 rex
576 1320 771 1359 humanis
790 1321 911 1359 rebus
930 1321 1090 1359 ablatus
1105 1323 1178 1368 est,
1195 1321 1405 1370 prouincia
1420 1322 1559 1358 nostra

300 1397 450 1422 uesano
471 1384 543 1422 illo
564 1399 697 1424 errore
713 1386 948 1425 dementata
966 1389 1037 1435 est,
1062 1389 1109 1425 ut
1129 1387 1269 1424 nullus
1288 1399 1393 1435 pene
1413 1386 1559 1424 exinde

300 1450 601 1499 praefectorum
627 1451 809 1490 extiterit
835 1452 907 1502 qui
932 1465 1016 1490 non
1042 1452 1282 1490 huiusmodi
1302 1452 1381 1489 sibi
1399 1464 1559 1489 monas·

301 1516 453 1553 terium
473 1516 518 1553 in
539 1517 682 1555 diebus
702 1531 798 1555 suae
817 1517 1091 1567 praefecturae
1105 1517 1410 1567 comparauerit,
1427 1530 1558 1555 suam-

301 1594 380 1630 que
413 1579 569 1632 'simul
615 1583 832 1632 coniugem
878 1582 966 1632 pari
1011 1585 1125 1621 reatu
1173 1583 1312 1620 nociui
1356 1584 1559 1620 mercatus
1581 1587 1602 1615 f.
1620 1597 1656 1624 94
1671 1597 1699 1616 a.

300 1647 563 1695 astrinxerit3
593 1661 638 1686 ac
666 1648 927 1697 praeualente
958 1649 1136 1697 pessima
1165 1648 1459 1686 consuetudine
1487 1647 1560 1686 mi-

301 1712 423 1750 nistri
442 1726 604 1762 quoque
629 1713 735 1763 regis
761 1727 806 1751 ac
832 1714 979 1752 famuli
994 1714 1006 1733 ⁷
1026 1714 1137 1752 idem
1156 1714 1284 1751 facere
1311 1713 1532 1763 sategerint
1549 1728 1558 1761 ;

302 1780 425 1828 atque
454 1779 511 1816 ita
540 1779 684 1816 ordine
712 1793 903 1828 peruerso
932 1779 1143 1818 innumeri
1172 1779 1257 1817 sint
1285 1779 1457 1828 inuenti,
1487 1779 1558 1829 qui

303 1856 346 1881 se
377 1844 542 1882 abbates
575 1845 728 1893 pariter
758 1847 798 1883 et
831 1845 1057 1894 praefectos
1088 1845 1202 1882 siue8
1236 1845 1450 1882 ministros
1487 1847 1557 1884 aut

303 1910 483 1947 famulos
503 1910 610 1960 regis
629 1910 850 1959 appellent,
876 1911 945 1960 qui
975 1910 1051 1948 etsi
1080 1911 1235 1960 aliquid
1264 1910 1372 1948 uitae
1400 1923 1557 1948 monas-

303 1975 458 2013 terialis
478 1975 656 2014 ediscere
669 1976 681 1995 ⁹
697 1976 789 2014 laici
808 1990 891 2014 non
913 1975 1158 2026 experiendo
1182 1977 1252 2014 sed
1274 1976 1475 2014 audiendo
1489 1989 1555 2026 po-

303 2041 469 2089 tuerint,
494 2054 516 2079 a
535 2054 710 2090 persona
729 2044 870 2079 tamen
890 2041 961 2079 illa
981 2055 1025 2079 ac
1045 2042 1308 2091 professione,
1329 2055 1431 2091 quae
1451 2042 1557 2080 hanc

300 2107 442 2145 docere
462 2107 617 2152 debeat,
642 2105 775 2145 sunt¹⁰
802 2107 990 2145 funditus
1014 2109 1195 2144 exsortes
1208 2105 1245 2146 ¹¹.
1306 2108 1361 2145 Et
1387 2107 1556 2156 quidem

299 2173 404 2210 tales
432 2174 607 2222 repente,
636 2174 682 2210 ut
712 2172 833 2220 nosti,
858 2175 1072 2210 tonsuram
1100 2186 1172 2222 pro
1202 2186 1275 2210 suo
1306 2173 1427 2211 libitu
1458 2173 1553 2210 acci-

302 2238 434 2288 piunt,
459 2252 532 2276 suo
561 2238 750 2276 examine
770 2239 820 2276 de
840 2238 952 2276 laicis
972 2251 1056 2276 non
1076 2239 1276 2287 monachi,
1301 2239 1371 2276 sed
1390 2238 1556 2276 abbates

301 2303 542 2341 efficiuntur.
605 2303 683 2342 Sed
710 2303 805 2353 quia
832 2304 1035 2353 praefatae
1064 2303 1232 2341 uirtutis
1260 2316 1334 2341 nec
1363 2303 1555 2342 notitiam

345 2431 355 2449 ¹
379 2434 433 2463 —tu
451 2433 498 2463 H.
558 2432 571 2450 ²
593 2442 715 2463 curam
732 2442 844 2472 procr.
858 2432 904 2463 M.
967 2433 979 2450 ³
1002 2431 1160 2471 imprud-
1176 2431 1224 2463 H.
1305 2430 1316 2448 ⁴
1340 2433 1489 2462 rectores
1506 2432 1551 2463 M.

300 2484 313 2503 ⁵
336 2495 415 2515 cum
431 2495 489 2516 om.
510 2485 557 2515 M.
702 2485 713 2503 ⁶
726 2487 781 2522 for
797 2484 945 2524 triginta
961 2484 1025 2514 hoc
1042 2486 1095 2514 est
1112 2483 1146 2514 M
1163 2486 1220 2513 has
1235 2484 1318 2513 xxxi
1335 2494 1341 2522 ;
1359 2486 1494 2521 possibly
1509 2487 1555 2515 the

301 2539 394 2567 scribe
411 2539 473 2566 had
491 2538 582 2574 before
598 2539 663 2566 him
679 2547 685 2567 :
711 2536 816 2565 xxx-i·
827 2545 933 2566 :xxx
948 2535 985 2566 id
997 2536 1059 2567 est.
1151 2533 1162 2550 ⁷
1187 2535 1325 2565 familia
1338 2535 1383 2566 M.
1476 2534 1486 2551 ⁸
1509 2537 1552 2566 si-

302 2589 377 2619 mul
394 2590 429 2619 et
447 2588 493 2620 M.
594 2588 606 2606 ⁹
629 2589 663 2618 et
680 2588 813 2619 discere
831 2588 876 2619 M.
967 2586 991 2605 ¹⁰
1016 2587 1090 2618 sint
1107 2587 1152 2619 M.
1246 2587 1268 2605 11
1292 2588 1427 2618 exortes
1443 2587 1488 2618 H.
1507 2588 1551 2620 M.
