1803 2887
43 1063 64 1091 f.
82 1064 118 1097 84
132 1070 159 1091 a.

193 165 273 195 Cam.
289 166 348 195 XV
365 161 518 204 [XV11].]
620 155 772 198 Gentis
801 155 1070 211 Angylorum.
1373 156 1457 196 239

193 269 462 319 omniumque
487 269 741 308 unianimem
766 270 811 308 in
835 271 916 309 fide
942 271 1140 309 catholica
1162 271 1341 320 repperit
1367 284 1455 308 con-

193 348 361 373 sensum
382 350 390 383 ;
419 336 460 372 et
480 335 592 373 hune
611 336 881 385 synodalibus
901 336 1050 374 litteris
1069 337 1118 374 ad
1139 336 1456 374 instructionem

194 400 520 449 memoriamque
549 401 814 450 sequentium
844 402 1132 439 commendare
1160 401 1330 449 curauit,
1365 413 1458 450 qua·

193 480 286 504 rum
307 466 499 504 uidelicet
519 466 752 504 litterarum
772 467 883 505 istud
905 468 1117 505 exordium
1138 469 1199 505 est
1217 481 1226 504 ε

247 533 304 570 In
334 534 488 570 nomine
507 533 667 570 Domini
692 534 812 571 nostri
839 533 933 571 Iesu
960 532 1103 571 Christi
1132 532 1358 579 Saluatoris,
1387 532 1458 569 im-

191 598 415 645 perantibus
444 598 607 637 dominis
627 599 820 646 piissimis
846 599 989 637 nostris
1015 599 1204 646 Ecyfrido
1232 610 1313 645 resse
1339 598 1460 646 Hym-

196 662 478 710 bronensiunst,
505 676 608 701 anno
633 664 695 701 XO
721 665 828 711 regyni
857 665 948 709 eius,
971 665 1042 701 sub
1067 665 1126 702 die
1152 664 1194 701 X
1202 664 1239 701 V
1258 663 1461 701 Kalendas

198 728 377 774 Octobres,
420 729 625 767 indictione
669 730 827 775 VIII2=;
867 732 902 767 ct
937 728 1170 767 Aedilredo'2
1203 740 1285 776 ‘reye
1318 729 1459 767 Merci-

194 782 408 842 nensium3,
449 807 553 832 anno
595 798 695 833 sexto
737 796 843 842 ’νε-φή
885 796 966 833 eius
981 808 993 841 ;
1035 797 1070 833 et
1110 794 1330 842 Alduulfo⁴
1379 805 1461 841 regye

195 859 528 907 Estransylorunffi,
571 873 675 898 anno
707 860 864 898 XVIIO
896 862 1002 908 regyni
1031 862 1142 906 eius,·
1173 863 1208 898 et
1231 859 1461 897 Hlothario⁶

195 936 279 973 reae
313 926 619 974 Caiztuarioium,
657 928 764 975 reqni
797 928 879 965 eius
910 939 1013 965 anno
1053 927 1186 973 VH⁰;
1226 927 1461 974 praesidente

197 992 400 1039 Theodoro,
429 994 558 1041 qratia
592 994 668 1030 Dei
700 993 975 1040 archiepiscopo
1004 993 1225 1030 Brittaniae
1254 993 1403 1030 insulae
1428 995 1463 1030 et

198 1058 368 1096 ciuitatis
398 1059 698 1105 Doruuernis⁷;
742 1072 825 1097 una
862 1071 949 1096 cum
986 1071 1025 1097 eo
1051 1057 1054 1107 Ι
1081 1059 1297 1097 sedentibus
1334 1060 1464 1096 ceteris

198 1124 382 1172 episcopis
398 1125 618 1163 Brittaniae
638 1126 786 1164 insulae
806 1126 906 1163 uiris
924 1125 1216 1172 uenerabilibus,
1233 1125 1465 1173 praepositis

199 1192 450 1228 sacrosanctis
488 1192 706 1239 euangeliis,
749 1192 792 1228 in
832 1192 917 1239 loco,
955 1191 1021 1238 qui
1058 1191 1243 1229 Saronico
1280 1191 1464 1228 uocabulo

199 1255 451 1304 HacthfelthS
488 1258 721 1303 nominatur,
755 1257 908 1304 pariter
931 1259 1143 1304 tractantes,
1174 1257 1295 1304 fidem
1325 1259 1464 1294 rectam

200 1326 236 1361 et
264 1323 506 1361 orthodoxam
536 1323 777 1369 exposuimus
793 1336 806 1368 ,·
839 1323 938 1360 sicut
967 1323 1161 1361 Dominus
1197 1325 1323 1361 noster
1353 1323 1466 1360 Iesus

203 1387 377 1427 Christus
404 1389 628 1426 incarnatus
656 1388 815 1425 tradidit
843 1388 1041 1435 discipulis
1070 1390 1160 1433 suis,
1199 1390 1264 1436 qui
1287 1400 1464 1436 praesen-

200 1454 342 1492 tialiter
366 1454 559 1500 uiderunt,
594 1456 628 1491 et
655 1454 863 1491 audierunt
888 1465 1077 1491 sermones
1104 1454 1194 1500 eius,
1218 1457 1330 1501 atque
1359 1465 1464 1492 sane-

200 1523 324 1558 torum
350 1522 513 1567 patrum
550 1520 711 1557 tradidit
747 1519 969 1567 symbolum,
1011 1522 1044 1557 et
1078 1520 1303 1566 yeneraliter
1337 1531 1463 1558 omnes

200 1587 323 1624 sancti
339 1588 374 1623 et
392 1585 631 1623 uniuersales
641 1585 792 1633 synodi,
807 1587 842 1622 et
852 1585 976 1622 omnis
992 1585 1248 1632 probabilium
1260 1586 1463 1624 catholicae

201 1651 369 1689 eeclesiae
395 1651 585 1688 doctorum
613 1651 758 1688 chorus.
820 1650 905 1687 Hos
934 1651 1060 1697 itaque
1088 1654 1287 1698 sequentes,
1312 1663 1381 1689 nos
1398 1652 1465 1698 pie

202 1719 314 1763 atque
358 1716 562 1762 orthodoxe,
604 1717 713 1753 iuxta
753 1716 943 1753 diuinitus
980 1716 1209 1763 inspiratam
1256 1717 1464 1755 doctrinam

202 1793 330 1819 eorum
341 1782 507 1829 professi
525 1782 715 1819 credimus
733 1784 979 1819 consonanter
990 1780 1013 1828 ⁹,
1039 1785 1072 1819 et
1091 1783 1318 1829 confitemur
1337 1794 1463 1821 sccun-

203 1847 296 1884 dum
316 1849 464 1885 sanctos
480 1850 621 1894 patres,
639 1847 799 1894 proprie
819 1850 854 1884 et
874 1847 1060 1885 ueraciter
1075 1847 1232 1885 Patrem
1259 1851 1294 1885 et
1315 1848 1465 1885 Filium

203 1915 238 1950 et
255 1912 447 1960 Spiritmn
466 1912 650 1950 Sanctum
666 1914 874 1950 trinitatem
892 1914 931 1950 in
946 1913 1093 1950 unitate
1108 1913 1467 1951 consubstantialem

205 1980 239 2015 et
267 1978 457 2016 unitatem
489 1979 533 2015 in
563 1979 742 2025 trinitate,
777 1979 844 2016 hoc
882 1981 936 2016 est
963 1990 1086 2015 ‘cuium
1114 1979 1241 2016 Deum
1274 1980 1316 2016 in
1347 1979 1468 2017 tribus

204 2041 508 2091 subsistentiism,
550 2044 613 2081 uel
642 2044 817 2092 personis
858 2044 1254 2091 consubstantialibus‚
1299 2045 1468 2092 aequalis

203 2109 346 2157 yloriae
365 2111 399 2146 et
417 2109 579 2148 honoris.

260 2174 315 2211 Et
339 2176 431 2223 post
454 2174 587 2212 multa
613 2174 861 2222 huiusmodi,
886 2187 988 2223 quae
1015 2175 1065 2212 ad
1089 2176 1224 2212 rectae
1246 2174 1342 2213 fidei
1372 2188 1465 2213 con-

205 2237 424 2277 fessionem
462 2239 736 2288 pertinebant,
774 2240 873 2278 haec
908 2253 1069 2290 quoque
1108 2242 1250 2279 saneta
1283 2241 1467 2290 synodus

207 2304 292 2342 suis
311 2305 462 2343 litteris
482 2305 596 2343 addit
615 2319 624 2343 ε

251 2387 262 2405 ¹
278 2388 401 2419 humb-
414 2389 451 2420 O.
464 2389 508 2420 N.
575 2388 587 2405 ²
602 2389 758 2420 edilredo
776 2390 814 2421 G.
899 2389 910 2406 ³
926 2390 1206 2421 mercinentium
1220 2389 1261 2421 B¹
1279 2401 1286 2429 3
1309 2400 1467 2421 mercen-

209 2439 253 2471 132
270 2451 277 2478 ;
300 2441 600 2471 mercionensium
616 2442 673 2472 N2.
827 2441 838 2458 4
861 2442 997 2472 aldulfo
1013 2442 1051 2473 C.
1062 2443 1106 2473 N.
1274 2442 1285 2459 ⁵
1307 2444 1415 2473 eastr-
1431 2442 1468 2473 G.

209 2491 221 2507 ⁶
243 2492 396 2523 lothario
423 2493 459 2524 C.
615 2492 626 2510 ⁷
651 2493 749 2524 doro-
773 2493 809 2531 C,
835 2497 882 2524 the
900 2496 973 2530 first
996 2504 1015 2524 o
1040 2497 1126 2532 beina
1150 2497 1186 2531 by
1210 2493 1249 2525 (3²
1272 2505 1311 2525 on
1333 2504 1465 2525 erasure.

209 2543 221 2561 ⁸
242 2543 330 2574 -feld
346 2544 371 2575 C
388 2555 396 2582 ;
420 2544 530 2575 -feltri
547 2545 590 2576 N.
672 2546 684 2563 9
708 2547 913 2576 constanter
929 2545 966 2577 C.
985 2546 1079 2585 ΟΝ.
1096 2547 1140 2578 D.
1155 2546 1213 2577 διο.
1307 2545 1329 2564 ¹⁰
1352 2549 1394 2577 stc
1410 2545 1468 2577 Nl.

211 2594 256 2625 132
274 2606 282 2634 ;
304 2597 365 2627 -tis
381 2596 427 2628 M.
445 2595 500 2628 B1.
518 2597 543 2628 O
559 2607 568 2636 3
591 2597 803 2628 substantiis
819 2596 876 2629 N2.
