1803 2887
42 2372 209 2401 Tradition

277 160 359 200 136
630 157 682 198 H
683 157 838 199 istoria
868 156 1173 198 Ecclesiastsica
1369 163 1454 205 [Lm.
1471 166 1526 198 ΙΙΙ.

275 274 432 311 incessu
453 276 604 321 uectus,
625 273 706 310 nisi
722 272 756 310 si
770 272 899 310 maior
914 272 1017 310 forte
1032 271 1252 309 necessitas
1268 271 1524 320 conpulisset,

275 340 457 386 solebat,
493 338 686 388 quatinus
724 338 972 386 ubicumque
1001 337 1161 386 aliquos
1189 337 1256 374 uel
1289 337 1439 374 diuites
1462 336 1530 374 uel

275 417 472 453 pauperes
498 404 693 441 incedens
723 403 955 452 aspexisset,
980 401 1198 440 confestim
1222 402 1271 439 ad
1300 402 1376 439 hos
1403 401 1531 439 diuer-

275 471 376 516 tens,
419 469 488 506 uel
526 469 575 506 ad
610 468 707 506 fidei
741 467 1023 517 suscipiendae
1057 469 1369 514 sacramentum,
1403 467 1438 504 si
1470 467 1528 504 in-

274 535 416 572 fideles
436 536 583 581 essent,
608 534 804 571 inuitaret
824 548 832 580 ;
862 533 928 570 uel
943 532 981 570 si
1005 532 1156 579 fideles,
1181 532 1225 569 in
1249 533 1337 581 ipsa
1360 545 1427 569 eos
1450 532 1530 569 fide

275 600 530 646 confortaret,
562 597 566 649 Ι
593 600 714 647 atque
729 598 778 636 ad
795 598 1045 646 elimosynas
1061 610 1311 646 operumque
1325 597 1530 635 bonorum

275 664 590 711 exsecutionem,
615 666 656 701 et
676 663 811 701 uerbis
832 662 1026 700 excitaret
1047 663 1087 699 et
1107 662 1235 701 factis.

330 730 383 767 In
408 731 575 767 tantum
605 731 741 767 autem
766 728 852 766 uita
878 728 990 765 illius
1016 741 1039 766 a
1068 727 1200 765 nostri
1225 727 1422 776 temporis
1449 740 1531 777 seg·

274 796 377 833 uitia
406 795 593 842 distabat,
618 796 663 832 ut
689 807 841 838 omnes,
867 794 938 842 qui
965 807 1062 831 cum
1088 806 1133 830 eo
1159 793 1412 840 incedebant,
1443 793 1530 830 siue

273 860 446 907 adtonsi.
467 873 539 897 seu
555 860 656 907 laici,
675 859 865 897 meditari
881 859 1086 906 deberent,
1106 859 1147 896 id
1165 861 1238 905 est,
1257 861 1327 896 aut
1349 858 1530 908 legendis

274 926 497 975 scripturis,
526 928 594 963 aut
626 925 796 974 psalmis
823 923 1053 963 discendis³
1080 937 1244 973 operam
1273 925 1377 962 dare.
1439 924 1531 962 Hoc

274 994 357 1029 erat
391 991 641 1028 cotidianum
675 1003 777 1038 opus
814 990 924 1027 illius
957 992 996 1028 et
1028 990 1226 1036 omnium,
1261 989 1332 1038 qui
1361 1003 1454 1027 cum
1485 1003 1531 1027 eo

274 1059 400 1104 erant,
440 1056 688 1104 ubicumque
722 1056 904 1092 locorum
939 1055 1212 1093 deuenissent.
1272 1056 1325 1092 Et
1359 1055 1393 1092 si
1426 1055 1531 1092 forte

273 1122 477 1160 euenisset
491 1123 514 1169 2,
541 1122 648 1171 quod
669 1124 809 1158 tamen
836 1134 925 1158 raro
949 1121 1098 1164 euenit,
1120 1122 1166 1158 ut
1193 1121 1242 1158 ad
1267 1121 1374 1169 regis
1397 1120 1531 1157 conui-

274 1187 391 1224 uium
411 1189 634 1235 uocaretur,
660 1187 838 1224 intrabat
864 1200 957 1224 cum
977 1200 1060 1224 uno
1085 1186 1228 1224 clerico
1253 1188 1323 1223 aut
1344 1186 1530 1233 duobus3

274 1254 324 1299 et,
366 1253 438 1290 ubi
475 1252 692 1302 paululum
734 1252 1000 1299 reficiebatur,
1043 1252 1286 1290 adcelerauit
1331 1251 1442 1289 ocius
1479 1251 1530 1289 ad

274 1317 495 1366 legendum
525 1331 619 1355 cum
646 1318 740 1365 suis,
774 1318 861 1355 siue
891 1318 941 1355 ad
969 1318 1171 1355 orandum
1199 1317 1343 1366 egredi.
1404 1316 1531 1354 Cuius

275 1384 473 1432 exemplis
500 1384 714 1421 informati
743 1386 928 1433 tempore
962 1383 1034 1421 illo
1061 1383 1237 1432 religiosi
1271 1382 1422 1431 quique
1449 1382 1530 1419 uiri

275 1461 318 1486 ac
340 1449 518 1486 feminae
539 1450 881 1487 consuetudinem
904 1450 1089 1487 fecerunt
1109 1462 1180 1497 per
1198 1450 1332 1485 totum
1357 1461 1524 1495 annum,

274 1516 440 1563 excepta
479 1514 721 1552 remissione
755 1514 1118 1564 quinquagesimae
1154 1514 1369 1562 paschalis,
1411 1513 1529 1550 IIIIa

273 1583 311 1617 et
343 1580 424 1617 VIa
456 1580 611 1618 sabbat-i
636 1580 838 1618 ieiunium
861 1581 910 1618 ad
938 1593 1092 1618 nonam
1116 1592 1244 1628 usque
1269 1579 1413 1616 horam
1442 1592 1529 1627 pro-

272 1645 408 1683 telare.
452 1646 693 1695 Numquam
709 1646 907 1683 diuitibus
923 1646 1092 1683 honoris
1108 1645 1195 1682 siue
1211 1644 1372 1682 timoris
1384 1644 1524 1694 gratia,

271 1711 386 1760 siqua
413 1711 747 1760 delinquissent3,
772 1711 988 1758 reticebat;
1018 1712 1087 1749 sed
1117 1724 1256 1759 aspera
1276 1710 1369 1748 illos
1394 1710 1530 1748 inuec-

271 1776 382 1814 tione
402 1777 633 1826 corrigebat.
694 1777 861 1815 Nullam
876 1777 1110 1826 potentibus
1131 1776 1279 1814 saeculi
1298 1775 1524 1825 pecuniam,

273 1844 439 1891 excepta
469 1843 629 1880 solum4
659 1856 756 1890 esca,
785 1843 921 1892 siquos
951 1842 1128 1891 hospitio
1157 1842 1409 1891 suscepisset,
1442 1855 1529 1879 um-

272 1921 394 1956 quam
416 1909 509 1945 dare
530 1908 694 1955 solebat,
720 1909 790 1946 sed
818 1921 863 1946 ea
888 1908 1034 1957 potius,
1061 1921 1162 1957 quae
1187 1908 1265 1945 sibi
1287 1921 1309 1945 a
1329 1908 1529 1945 diuitibus

272 1973 435 2010 donaria
448 1973 714 2022 pecuniarum
730 1974 1015 2023 largiebantur,
1032 1974 1098 2011 uel
1114 1973 1158 2010 in
1172 1986 1270 2011 usus
1285 1986 1523 2022 pauperum,

272 2038 316 2073 ut
347 2036 539 2083 diximus,
569 2036 837 2086 dispergebat,
867 2037 934 2074 uel
963 2037 1012 2074 ad
1042 2036 1341 2074 redemtionem
1369 2049 1523 2083 eorum,

272 2101 339 2149 qui
389 2101 542 2139 iniuste
585 2102 748 2140 fuerant
795 2102 966 2143 uenditi,
1007 2101 1278 2151 dispensabat.
1340 2101 1528 2150 Denique

271 2167 435 2206 multos.
480 2181 582 2216 quos
616 2168 748 2217 pretio
784 2170 876 2206 dato
911 2168 1147 2214 redemerat,
1186 2168 1390 2205 redemtos
1423 2170 1528 2216 post-

271 2233 443 2270 modum
478 2245 574 2270 suos
606 2233 826 2282 discipulos
859 2234 965 2281 fecit,
1003 2235 1125 2282 atque
1154 2234 1203 2270 ad
1236 2233 1527 2270 sacerdotalem

272 2310 400 2345 usque
421 2299 593 2346 gradum
614 2299 837 2337 erudiendo
857 2301 979 2348 atque
1000 2299 1254 2336 instituendo
1274 2299 1474 2348 prouexit.

328 2362 509 2400 Ferunt5
539 2365 688 2410 autem,
715 2364 819 2413 quia,
851 2378 945 2402 cum
975 2365 1024 2402 de
1057 2364 1265 2413 prouincia
1295 2364 1527 2402 Scottorum

312 2472 322 2489 ¹
350 2476 484 2509 leefirs!
500 2484 515 2504 s
533 2476 565 2503 ῐη
583 2474 762 2504 discendis
778 2479 881 2505 erased
898 2478 928 2505 in
947 2476 983 2506 C.
1110 2474 1121 2491 ²
1145 2477 1179 2506 et
1199 2500 1204 2505 .
1226 2499 1232 2504 .
1249 2499 1256 2506 .
1277 2475 1451 2505 euenisset
1469 2486 1528 2506 om.

271 2525 319 2556 C¹.
429 2525 440 2542 ³
464 2526 697 2565 deliquissent
714 2527 748 2557 C.
768 2527 819 2557 B2.
931 2527 942 2544 4
966 2527 1080 2557 solum
1095 2528 1198 2558 modo
1216 2528 1251 2558 C.
1270 2526 1325 2558 ΒΩ.
1437 2527 1448 2544 ⁵
1472 2530 1529 2558 lec

270 2580 361 2607 scribe
377 2580 409 2615 qs
421 2579 461 2608 B.
478 2582 543 2608 (md
553 2582 698 2616 probably
714 2581 749 2616 of
760 2579 793 2609 C.
814 2583 845 2609 at
853 2582 925 2616 first
942 2584 1026 2610 wrote
1041 2580 1198 2611 fuerunt.

1555 613 1575 641 f.
1593 621 1628 648 47
1641 613 1669 640 b.
