1803 2887
287 160 368 199 158
641 153 849 196 Historia
879 151 1184 194 Ecclesfiastiea
1376 158 1462 199 [Lm.
1481 160 1540 190 ΙΙΙ.

284 273 414 311 redire
453 271 705 321 disponebat,
747 269 915 307 accessit
953 269 1003 306 ad
1043 269 1279 318 episcopum
1315 267 1539 312 Aidanum,

285 339 501 377 obsecrans
530 350 625 374 eum
654 349 727 385 pro
757 349 799 373 se
828 335 1002 384 suisque,
1036 334 1107 383 qui
1131 336 1295 371 tantum
1323 333 1401 370 iter
1429 333 1545 370 erant

285 402 525 453 adgressuri,
561 402 740 439 Domino
769 401 1009 449 supplicare.
1069 399 1149 448 Qui
1180 399 1423 437 benedicens
1451 397 1546 435 illos

284 484 328 507 ac
362 468 543 507 Domino
581 467 886 514 commendans,
923 465 1035 503 dedit
1073 465 1197 503 etiam
1232 465 1368 502 oleum
1402 462 1546 501 sancti-

286 535 474 572 ficatum:
500 532 635 580 ‘Sem’
650 532 852 581 inquiens,
874 531 996 580 ⁴quia,
1015 530 1087 568 ubi
1102 543 1251 568 nauem
1266 528 1541 575 ascenderitis,

285 601 509 648 tempestas
529 598 656 645 uobis,
681 599 722 634 et
741 599 891 634 uentus
911 596 1140 634 contrarius
1159 595 1421 645 supet-ueniet
1438 609 1447 642 ;
1476 594 1547 632 sed

287 668 331 703 tu
361 665 584 710 memento,
620 665 666 700 ut
694 663 770 700 hoc
799 662 946 709 oleum,
985 662 1092 711 quod
1121 661 1198 699 tibi
1226 661 1289 709 do,
1326 660 1470 698 mittas
1502 659 1547 697 in

287 744 424 777 mare3
464 731 504 767 et
525 728 666 766 statim
693 727 998 777 quiescentibus
1023 727 1169 774 uentis,
1203 727 1398 765 serenitas
1421 725 1548 764 maris

288 809 361 833 uos
399 795 505 832 laeta
541 794 818 842 prosequetur,
854 806 898 830 ac
933 793 1068 842 cupito
1106 792 1254 830 itinere
1284 793 1454 830 domum
1493 805 1549 829 re-

288 861 454 899 mittet.'
531 860 643 908 Quae
680 861 837 907 cuncta,
881 861 928 897 ut
966 859 1219 908 praedixerat
1265 858 1448 905 antisteS,
1500 870 1550 895 ex

289 927 431 964 ordine
461 926 648 974 conpleta
674 926 798 972 sunt3
833 926 872 962 et
899 924 1066 973 quidem
1095 924 1286 974 inprimis
1315 923 1550 961 furentibus

288 992 411 1030 undis
430 991 574 1041 pelagi,
595 990 825 1028 temtabant
842 992 989 1028 nautae
1009 990 1197 1027 anchoris
1216 990 1260 1027 in
1280 1002 1392 1027 mare
1412 988 1551 1026 missis

289 1071 438 1095 nauem
459 1057 647 1103 retinere,
668 1068 801 1104 neque
816 1055 893 1093 hoc
909 1057 1077 1104 agentes
1092 1055 1247 1104 aliquid
1268 1054 1546 1104 proficiebant.

290 1124 476 1171 Cumque
503 1121 762 1159 uei-rentibus
792 1120 978 1169 undique
1007 1122 1047 1158 et
1075 1120 1232 1169 inplere
1256 1119 1551 1168 incipientibus

290 1202 440 1226 nauem
479 1187 683 1233 fiuctibus,
728 1188 906 1223 mortem
945 1185 1023 1224 sibi
1061 1199 1207 1223 omnes
1251 1185 1467 1232 inminere,
1510 1186 1552 1222 et

290 1254 540 1302 iamiamque
573 1252 712 1290 adesse
746 1251 948 1299 uiderent,
985 1252 1155 1289 tandem
1188 1251 1402 1301 presbyter
1434 1251 1552 1288 remi-

292 1321 456 1357 niscens
485 1318 609 1355 uerba
638 1317 848 1364 antistitis,
887 1317 1077 1355 adsumta
1106 1317 1312 1366 ampulla1
1351 1317 1466 1354 misit
1500 1318 1550 1355 de

292 1386 381 1422 oleo
412 1384 457 1421 in
487 1385 674 1433 pontum,
713 1384 753 1420 et
791 1382 944 1429 statim,
983 1384 1030 1420 ut
1063 1382 1316 1431 praedictum
1348 1383 1443 1427 erat,
1478 1394 1551 1419 suo

293 1450 448 1500 quieuit
468 1463 489 1487 a
509 1449 679 1486 feruore.
739 1448 885 1496 Sicque
904 1448 1058 1485 factum
1079 1450 1150 1495 est,
1174 1449 1220 1485 ut
1240 1447 1306 1484 uir
1325 1447 1403 1485 Dei
1423 1448 1462 1484 et
1481 1460 1553 1496 per

292 1515 529 1566 prophetiae
551 1513 765 1563 spiritum2
781 1516 1067 1562 tempestatem
1088 1513 1334 1563 praedixerit
1354 1513 1548 1560 futuram,

292 1583 331 1618 et
347 1594 418 1629 per
434 1580 631 1617 uirtutem
648 1579 829 1617 eiusdem
845 1579 1014 1628 spiritus
1029 1579 1134 1616 hanc
1151 1580 1344 1625 exortam,
1363 1577 1553 1627 quamuis

292 1646 553 1695 corporaliter
571 1645 729 1690 absens,
750 1644 956 1693 sopiuerit.
1010 1644 1137 1682 Cuius
1158 1644 1345 1681 ordinem
1364 1642 1553 1680 miraculi

292 1726 377 1749 non
417 1712 589 1761 quilibet
628 1711 778 1748 dubius
825 1710 982 1758 relator,
1026 1710 1096 1747 sed
1136 1709 1402 1747 fidelissimus
1449 1708 1553 1747 mihi

293 1784 456 1815 nostrae
485 1776 675 1814 ecclesiae
695 1776 916 1825 presbyter,
943 1775 1208 1825 Cynimund3
1228 1775 1436 1823 uocabulo,
1467 1788 1553 1812 nar-

293 1843 410 1891 rauit,
440 1843 511 1892 qui
540 1855 582 1879 se
611 1842 688 1879 hoc
718 1841 768 1879 ab
798 1841 888 1890 ipso
919 1841 1021 1879 Utta
1049 1841 1299 1890 presbytero,
1329 1840 1374 1877 in
1403 1854 1482 1889 quo
1512 1842 1553 1878 et

292 1923 364 1958 per
383 1922 506 1958 quem
527 1907 765 1957 conpletum
786 1909 857 1954 est,
882 1907 1042 1944 audisse
1063 1906 1313 1956 perhibebat,

787 2040 907 2079 CAP.
942 2040 1056 2078 XVI.

364 2145 399 2172 L't
417 2145 493 2172 idem
511 2144 667 2171 admotum
685 2143 724 2170 ab
740 2143 875 2169 lzosribus
890 2143 960 2169 urbi
975 2142 1074 2177 regiae
1091 2142 1191 2176 system
1207 2142 1320 2169 orando
1336 2142 1497 2170 amouerit.

68 2224 218 2290 Aiwthler
349 2216 493 2252 ALIUD
514 2215 698 2251 eiusdem
719 2213 848 2262 patris
868 2212 1131 2249 memorabile
1147 2212 1394 2250 miraculum
1414 2212 1554 2250 ferunt

67 2273 170 2291 mirae
187 2272 211 2290 Θ.

296 2281 430 2325 multi,
452 2280 523 2328 qui
542 2293 662 2317 nosse
681 2280 915 2327 potuerunt.
967 2278 1073 2315 Nam
1094 2280 1278 2327 tempore
1299 2279 1554 2327 episcopatus

297 2348 394 2393 eius,
428 2345 589 2382 hostilis
620 2344 863 2381 Merciorum
899 2343 1098 2381 exercitus
1137 2343 1279 2381 Penda
1318 2344 1418 2381 duce
1459 2343 1556 2381 Nor-

298 2412 653 2461 danhymbrorum
691 2410 879 2459 regiones
916 2409 1044 2458 impia
1085 2409 1197 2447 clade
1235 2411 1356 2459 longe
1393 2411 1555 2459 lateque

299 2479 515 2515 deuastans
544 2476 733 2525 peruenit
765 2476 815 2513 ad
846 2475 991 2512 urbem
1022 2489 1151 2524 usque
1180 2475 1344 2524 regiam,
1375 2489 1477 2525 quae
1506 2488 1554 2513 ex

471 2571 481 2587 ¹
508 2572 605 2612 ·pula
618 2572 662 2602 M.
796 2569 808 2586 2
831 2572 903 2601 -tus
921 2571 961 2601 N.
1095 2571 1106 2587 ³
1130 2581 1233 2611 cyne-
1252 2572 1288 2603 C.
1305 2571 1359 2603 B2.
