1803 2887
59 1398 78 1425 f.
96 1407 129 1432 93
145 1396 173 1424 b.

588 156 853 212 Ecybertum
883 156 1171 212 Episcopum.
1425 155 1508 195 415

253 273 418 321 uellere,
443 276 484 312 et
507 287 553 312 ea
581 288 684 324 quae
706 274 939 324 prouinciae
964 275 1137 319 nostrae,
1169 271 1256 309 siue
1283 270 1510 308 secundum

254 340 400 387 Deum,
426 339 514 378 siue
534 341 761 378 secundum
781 340 968 378 seculum
989 339 1073 376 sint
1100 337 1229 384 utilia,
1254 335 1483 385 prospicere
1501 349 1510 382 3

252 405 329 442 ne1
362 405 514 443 nostris
546 405 803 455 temporibus
836 405 903 443 uel
933 404 1127 453 religione
1165 403 1357 448 cessante,
1396 413 1512 438 amor

253 471 459 520 timorque
486 471 640 509 interni
667 472 878 509 deseratur
907 469 1161 519 inspectoris,
1187 467 1254 506 uel
1282 468 1513 505 rarescente

254 535 366 584 copIa
389 536 564 575 militiae
587 537 788 584 secularis,
813 537 949 575 absint
972 535 1042 585 qui
1068 534 1174 572 fines
1198 535 1362 571 nostros
1385 546 1408 570 3
1430 531 1516 569 bar-

253 600 388 639 barica
430 601 665 640 incursione
706 604 911 641 tueantur.
991 601 1108 649 Quod
1146 599 1259 637 enim
1297 601 1417 647 turpe
1454 598 1516 635 est

256 667 399 715 dicere,
435 670 497 706 tot
532 668 609 706 sub
643 669 813 706 nomine
846 667 1191 706 monasteriorum
1225 665 1312 703 loca
1340 663 1410 711 hii,
1444 662 1516 712 qui

255 731 542 771 monachicae²
579 733 688 772 uitae
725 746 892 783 prorsus
934 735 1034 771 sunt
1077 733 1272 780 expertes,
1311 730 1355 768 in
1398 742 1516 767 suam

255 797 459 837 dicionem
488 802 740 848 acceperunt,
768 799 874 838 sicut
902 799 981 849 ipsi
1010 798 1162 836 melius
1190 796 1331 844 nostis,
1359 797 1405 834 ut
1435 807 1517 833 om-

256 863 355 902 nino
390 865 496 903 desit
529 865 652 912 locus,
691 865 763 903 ubi
796 865 872 903 filii
906 864 1112 903 nobilium
1146 865 1217 901 aut
1250 862 1517 899 emeritorum

255 930 440 969 militum
474 931 774 980 possessionem
807 930 987 980 accipere
1020 930 1206 979 possint;
1247 927 1419 976 ideoque
1450 939 1514 964 ua-

256 998 394 1034 cantes
427 1010 471 1035 ac
505 997 594 1035 sine
629 996 830 1046 coniugio,
869 998 1010 1034 exacto
1048 997 1233 1043 tempore
1270 992 1511 1042 pubertatis,

256 1061 373 1099 nullo
394 1062 671 1101 continentiae
690 1061 900 1112 proposito
920 1060 1156 1110 perdurent,
1182 1060 1303 1108 atque
1330 1058 1436 1095 hanc
1466 1057 1516 1094 ob

255 1140 343 1164 rem
373 1127 441 1165 uel
468 1127 643 1177 patriam
673 1141 801 1174 suam,
828 1140 901 1177 pro
931 1140 1011 1176 qua
1027 1125 1040 1145 ³
1065 1125 1245 1163 militare
1275 1123 1514 1169 debuerant,

256 1195 371 1231 trans
409 1207 522 1231 mare
553 1193 751 1232 abeuntes
784 1193 1045 1242 relinquant;
1085 1191 1154 1230 uel
1184 1189 1336 1229 maiore
1367 1188 1517 1226 scelere

254 1259 404 1307 atque⁴¹
442 1259 710 1308 impudentia,
762 1259 833 1308 qui
879 1258 1135 1308 propositum
1182 1254 1380 1294 castitatis
1432 1267 1518 1291 non

255 1323 422 1367 habent,
448 1324 634 1362 luxuriae
665 1338 710 1362 3ο
739 1324 1001 1362 fornicationi
1031 1322 1277 1369 deseruiant‚
1303 1333 1439 1369 neque
1467 1319 1518 1357 ab

256 1389 358 1439 ipsis
387 1390 554 1429 sacratis
583 1391 672 1428 Deo
698 1389 702 1440 Ι
727 1390 959 1440 uirginibus
987 1388 1234 1427 abstineant.

314 1468 373 1494 12.
407 1457 467 1494 At
500 1456 569 1494 alii
601 1456 786 1506 grauiore
819 1456 953 1494 adhuc
986 1455 1151 1504 flagitio,
1187 1466 1281 1495 cum
1317 1453 1401 1490 sint
1436 1450 1515 1500 ipsi

254 1520 366 1569 laici,
405 1524 445 1560 et
482 1522 599 1560 nullo
637 1522 745 1560 uitae
778 1521 976 1571 regularis
1015 1520 1082 1558 uel
1120 1533 1198 1557 usu
1232 1518 1408 1565 exerciti,
1447 1517 1516 1555 uel

255 1600 396 1625 amore
424 1587 608 1637 praediti,
635 1589 728 1626 data
755 1587 920 1637 regibus
949 1585 1132 1636 pecunia,
1158 1586 1305 1623 emunt
1332 1584 1410 1622 sibi
1439 1583 1515 1621 sub

256 1655 470 1701 praetextu
505 1654 875 1692 construendorum
905 1651 1278 1690 monasteriorum⁵
1311 1649 1517 1688 territoria

255 1718 300 1755 in
322 1718 470 1768 quibus
500 1733 596 1757 suae
615 1719 784 1757 liberius
803 1720 950 1757 uacent
970 1717 1145 1765 libidini,
1171 1719 1211 1755 et
1230 1716 1327 1754 haec
1348 1715 1519 1764 insuper

255 1783 301 1820 in
339 1783 403 1822 ius
441 1784 519 1822 sibi
555 1783 877 1822 haereditarium
914 1782 1119 1832 regalibus
1152 1781 1323 1819 edictis6
1360 1781 1518 1818 faciunt

256 1849 434 1897 asscribi,
473 1850 582 1899 ipsas
615 1863 778 1899 quoque
816 1849 973 1887 litteras
1006 1847 1317 1897 priuilegiorum
1347 1860 1517 1885 suorum

258 1915 374 1964 quasi
407 1915 606 1953 ueraciter
634 1916 719 1954 Deo
754 1915 909 1964 dignas,
945 1913 1201 1963 pontificum,
1237 1913 1443 1959 abbatum,
1477 1914 1518 1950 et

256 1983 509 2030 potestatum
541 1981 667 2019 seculi
702 1981 892 2019 obtinent
931 1979 1229 2028 subscriptione
1267 1978 1514 2016 confirmari.

260 2046 406 2095 Sicque
431 2047 639 2096 usurpatis
668 2046 743 2085 sibi
774 2045 965 2095 agellulis
985 2045 1073 2083 siue
1093 2044 1206 2091 uicis,
1230 2044 1351 2082 liberi
1371 2043 1519 2081 exinde

258 2125 280 2150 3
311 2112 453 2150 diuino
482 2111 606 2150 simul
635 2113 674 2149 et
703 2112 887 2149 humano
917 2110 1097 2157 seruitio,
1122 2110 1206 2147 suis
1226 2112 1391 2148 tantum
1416 2108 1520 2147 inibi

260 2177 481 2221 desideriis,
495 2176 589 2214 laici
601 2176 814 2215 monachis
826 2176 1087 2225 imperantes,
1105 2175 1363 2223 deseruiunt;
1389 2175 1520 2212 immo

260 2256 345 2281 non
383 2243 606 2281 monachos
644 2242 703 2280 ibi
748 2244 1006 2292 congregant,
1050 2242 1119 2280 sed
1163 2253 1431 2290 quoscunque
1468 2240 1520 2278 ob

261 2310 426 2358 culpam
445 2309 771 2347 inobaedientiae
796 2308 905 2346 ueris
933 2307 1125 2357 expulsos
1138 2308 1149 2326 ⁷
1171 2307 1434 2345 monasteriis
1454 2306 1522 2344 311·

261 2375 356 2413 cubi
367 2375 472 2413 forte
485 2374 721 2413 oberrantes
733 2373 979 2421 inuenerint,
997 2375 1066 2412 aut
1080 2386 1245 2411 euocare
1261 2372 1521 2411 monasteriis

305 2489 315 2506 ¹
340 2500 385 2520 ne
401 2500 460 2521 om.
477 2490 524 2522 M.
715 2488 726 2505 ²
749 2489 942 2519 monastice
959 2488 1007 2520 M.
1197 2487 1209 2504 ³
1230 2498 1294 2528 pro
1311 2497 1379 2527 qua
1396 2498 1456 2518 om.
1474 2487 1521 2519 M.

263 2542 273 2558 ⁴
296 2541 353 2572 uel
372 2541 419 2573 M.
654 2541 665 2559 ⁵
687 2551 781 2572 mon.
800 2543 909 2572 const.
929 2540 976 2572 M.
1208 2540 1219 2558 ⁶
1242 2539 1371 2570 edictis
1387 2550 1458 2579 reg.
1475 2539 1521 2570 M.

262 2593 274 2611 ⁷
300 2594 344 2624 -si
362 2594 408 2625 M.

1541 1459 1720 1487 Character

1539 1499 1576 1526 of
1586 1499 1678 1526 these

1540 1538 1712 1566 establish-

1540 1580 1656 1606 ments.
