1803 2887
281 218 356 248 cu.
371 213 446 255 HL]
686 205 837 247 Gentis
867 205 1133 259 Angylorum.
1475 209 1526 249 15

773 364 892 402 CAP.
917 364 999 403 ΙΙΙ.

286 465 324 492 Ut
358 465 483 492 eandem
520 465 669 492 secundus
706 464 914 492 Romanorum
954 465 1100 493 Claudius
1127 466 1243 502 adiens,
1279 466 1409 494 Orcadas
1438 466 1529 494 etiam

281 515 401 543 insulas
424 515 560 543 Romano
584 516 725 543 acliecm'it
748 515 872 549 imperio
885 523 899 549 ,⁴
933 516 984 543 secl
1011 518 1037 543 et
1064 517 1272 550 Uespasianus
1296 517 1335 544 ab
1361 526 1391 545 eo
1415 517 1529 545 missus

502 567 620 595 Uectam
645 574 758 601 quoqne
781 565 916 594 insulam
938 567 1088 595 Romanis
1110 568 1286 597 subdiderit.

89 649 129 679 ib.
145 650 197 679 vii⁴
212 650 238 678 6.
335 639 454 677 Anno
472 641 609 676 autem
629 640 676 677 ab
708 640 805 678 Urbe
831 641 982 678 condita
1003 640 1304 679 DCCXCVIII
1311 639 1322 659 ¹
1345 642 1528 681 Claudius

281 705 500 752 imperator
516 705 563 742 ab
575 703 753 752 Anyusto
773 708 941 752 quartus,
962 705 1138 753 cupiens²
1153 707 1284 744 utilem
1302 708 1529 755 reipuplicae

279 773 463 808 ostentare
490 770 713 817 principem,
758 770 892 807 bellam
928 771 1065 817 ubique
1102 774 1138 808 et
1172 773 1371 809 uictoriam
1416 773 1529 810 unde-

278 846 434 881 cumque
471 835 668 881 quaesiuit.
728 835 866 882 Itaque
907 836 1175 882 expeditionem
1211 837 1254 873 in
1291 837 1529 875 Brittaniam

278 900 406 946 mouit,
437 911 532 946 quae
564 900 723 936 excitata
751 900 793 936 in
821 902 1025 937 tumultum
1046 903 1205 948 propter
1227 913 1306 938 non
1328 902 1530 941 redhibitos

278 965 504 1012 transfayas
534 964 759 1009 ualentiam
790 967 1027 1002 transuectus
1050 966 1093 1002 in
1123 966 1289 1003 insulam
1318 969 1381 1013 est,
1414 979 1529 1013 quam

277 1040 395 1076 neque
426 1031 514 1066 ante
542 1028 692 1065 Iulium
722 1028 929 1075 Caesarem,
958 1041 1076 1076 neque
1095 1032 1186 1077 post
1212 1041 1298 1067 enm
1326 1031 1528 1078 qnisquam

277 1094 382 1131 adire
407 1105 526 1131 ausus
543 1093 687 1139 ficerat,
717 1093 840 1139 ibique
868 1095 950 1131 sine
976 1093 1078 1131 ullo³
1098 1095 1244 1141 proelio
1270 1107 1314 1133 ae
1340 1097 1529 1143 sanquine

276 1159 379 1196 intra
395 1158 647 1205 paucissimos
674 1158 752 1195 dies
772 1158 985 1205 plurimam
1012 1159 1161 1197 insulae
1181 1163 1333 1207 partem
1360 1161 1404 1198 in
1432 1161 1529 1199 dedi-

277 1224 413 1260 tionem
429 1223 574 1270 recepit.
636 1222 802 1260 Orcadas
820 1224 934 1260 etiam
949 1224 1098 1262 insulas
1110 1225 1212 1262 nitra
1230 1225 1467 1263 Brittaniam
1485 1227 1528 1263 in

276 1299 412 1326 oceano
440 1288 592 1335 positas,
629 1287 803 1324 Romano
833 1288 968 1325 adiecit
995 1289 1160 1336 imperio,
1196 1301 1241 1327 ac
1271 1293 1380 1337 sexto,
1411 1303 1528 1338 quam

270 1353 463 1401 profectas
487 1354 576 1398 erat,
599 1363 725 1389 mense
742 1352 903 1389 Romam
923 1353 1043 1399 rediit,
1060 1354 1217 1401 filioque
1235 1367 1304 1392 suo
1322 1355 1530 1393 Brittanici

90 1420 219 1465 Eytrop.
280 1429 416 1456 nomen
439 1418 617 1465 inposuit.
679 1416 768 1453 Hoc
791 1418 954 1455 autem⁴
976 1419 1113 1455 beilum
1133 1422 1266 1466 quarto
1291 1421 1442 1467 imperii
1466 1422 1528 1458 sui

89 1467 139 1487 vu.
158 1469 194 1494 ¹3'
282 1495 385 1521 anno
409 1483 624 1532 conpleuit,
649 1484 719 1533 qui
747 1486 808 1521 est
830 1495 963 1520 annus
985 1483 1035 1520 ab
1058 1483 1338 1521 incarnatione
1357 1484 1528 1522 Domini

90 1553 240 1583 Orosvij.
280 1547 445 1595 XLVI;
489 1561 569 1597 quo
592 1548 718 1586 etiam
747 1561 850 1587 anno
871 1549 1000 1595 fames
1026 1550 1259 1595 yrauissima
1276 1561 1352 1597 per
1374 1549 1527 1597 Syr-iam

89 1593 116 1622 ⁶·
269 1613 382 1660 facta
403 1616 465 1661 est,
496 1626 597 1662 quae
625 1613 671 1650 in
692 1613 866 1651 Actibus
888 1612 1182 1661 Apostolorum
1207 1626 1279 1662 per
1296 1615 1525 1662 proplietam

274 1677 465 1727 Agabum
485 1677 688 1727 praedicta
702 1678 716 1697 ⁵
736 1691 821 1715 esse
840 1678 1101 1716 memoratur.

159 1754 182 1784 fi
195 1756 253 1790 5b,
354 1740 358 1791 Ι
382 1742 452 1780 Ab
476 1743 617 1780 eodem
643 1744 801 1782 Claudio
826 1744 1093 1790 Uespasianus,
1117 1743 1187 1792 qui
1206 1746 1298 1792 post
1319 1743 1523 1782 Neronem

89 1825 216 1862 Eutrop.
276 1808 504 1857 imperauit,
527 1810 570 1846 in
588 1809 825 1846 Brittaniam
843 1809 992 1853 missas,
1015 1807 1139 1845 etiam
1171 1809 1323 1847 Uectam
1341 1810 1520 1856 insulam,

88 1865 140 1894 ffi-
157 1875 196 1903 19·
275 1874 493 1912 Brittaniae
531 1876 749 1921 proximam
786 1886 809 1910 a
845 1872 1022 1920 meridie,
1064 1873 1333 1911 Romanorum
1374 1874 1525 1912 dicioni

273 1938 534 1988 subiugauit3
564 1951 665 1987 quae
693 1938 816 1976 habet
845 1938 895 1975 ab
926 1937 1081 1975 oriente
1110 1938 1155 1975 in
1183 1951 1368 1976 occasum
1400 1939 1524 1978 XXX

272 2003 431 2042 circiter
457 2004 573 2041 milia
599 2017 805 2052 passuum,
838 2003 888 2040 ab
913 2004 1051 2040 austro
1080 2003 1124 2040 in
1153 2003 1317 2041 boream
1345 2003 1444 2051 XII,
1478 2005 1524 2043 in

273 2068 539 2107 orientalibus
558 2069 641 2106 suis
660 2068 843 2117 partibus
868 2066 972 2104 mari
993 2080 1063 2104 sex
1082 2067 1256 2115 milium,
1281 2068 1325 2105 in
1344 2069 1524 2107 occiden-

273 2133 423 2172 talibus
445 2134 584 2179 trium‚
608 2147 631 2171 a
658 2133 882 2171 meridiano
912 2131 1140 2169 Brittaniae
1167 2132 1331 2170 littore⁶
1350 2133 1516 2173 distans.

86 2201 126 2232 ib·
139 2203 192 2232 vii·
212 2212 252 2239 14-
273 2199 487 2238 Succedens
505 2201 643 2236 autem
656 2198 823 2236 Claudio
838 2197 882 2234 in
901 2198 1103 2244 imperinm
1114 2198 1227 2245 Nero,
1251 2199 1350 2236 nihil
1368 2201 1522 2238 omnino

273 2265 316 2302 in
330 2276 369 2302 re
381 2264 694 2302 miiitari⁷ansns
713 2266 786 2301 est.
846 2262 968 2300 Unde
986 2261 1096 2299 inter
1109 2262 1189 2300 alia
1208 2263 1387 2301 Romani
1405 2266 1520 2314 regni

272 2329 516 2366 detrimenta
552 2328 780 2373 innumera,
821 2327 1059 2364 Brittaniam
1088 2339 1186 2374 pene
1225 2329 1379 2375 amisit‚·
1426 2342 1520 2368 nam

272 2396 346 2433 duo
365 2396 433 2433 snb
454 2407 499 2432 eo
515 2394 527 2413 s
545 2395 780 2432 nobilissima
802 2392 941 2440 oppida
965 2391 1043 2428 illic
1068 2395 1179 2439 capta
1205 2396 1316 2441 atque
1334 2395 1518 2434 submersa

269 2463 370 2500 sunt.

316 2556 326 2574 ¹
346 2566 399 2587 νη
415 2558 457 2589 N.
538 2557 550 2574 ²
573 2558 717 2597 cupiens
732 2567 766 2587 se
783 2558 876 2588 Oros.
967 2556 980 2575 ³
1002 2557 1075 2587 ullo
1092 2566 1148 2587 om.
1165 2556 1225 2588 M1.
1314 2556 1326 2574 ⁴
1348 2558 1456 2587 etiam
1474 2558 1516 2589 N.

271 2607 285 2626 ³
306 2608 435 2640 -dicata
451 2609 486 2641 C.
606 2609 618 2627 ⁶
641 2609 758 2640 littore
781 2619 838 2640 om.
858 2607 917 2640 M1.
1022 2606 1035 2625 ‘¹
1058 2617 1109 2638 -re
1124 2608 1171 2639 M.
1299 2607 1311 2624 ⁸
1331 2608 1398 2639 hoc
1414 2609 1512 2640 Eutr.

1550 655 1704 683 Invasion
1724 655 1756 682 of

1552 694 1679 722 Britain
1696 695 1736 729 by

1552 733 1714 762 Claudius.

1546 1752 1723 1787 Vespasian

1548 1794 1621 1818 sent
1639 1795 1673 1819 to

1549 1830 1686 1859 Britain.
