1803 2887
334 171 419 212 372
729 170 937 213 Historia
968 170 1197 213 Abbcctum

334 284 520 323 exerceri.
582 284 660 323 Sed
682 286 723 322 et
742 285 900 324 abbatis
920 285 1089 324 nomine
1102 286 1113 306 ¹
1137 286 1346 335 graduque
1365 287 1587 335 assumpto,

334 350 446 388 idem
476 351 615 388 animo
648 350 743 400 qui2
772 351 886 399 prius
914 351 1107 389 manebat
1135 352 1185 389 ad
1215 364 1369 399 omnes,
1402 350 1518 389 iuxta
1549 350 1591 388 id

335 416 443 465 quod
487 416 654 464 quidam
693 417 855 465 sapiens
892 418 1103 454 ammonet
1141 417 1305 454 dicens:
1353 416 1591 454 ‘Rectorem
1616 423 1743 469 Ennius.

334 482 374 518 te
405 482 719 529 constituerunt⁷
752 481 840 519 noli
870 482 1021 529 extolli,
1055 481 1125 519 sed
1157 483 1242 519 esto
1274 481 1319 518 in
1350 480 1444 528 illis,
1477 481 1593 530 quasi
1615 471 1714 492 xxxu.
1733 473 1754 492 ¹¹

335 560 442 584 unus
471 560 518 584 ex
548 547 660 595 illis‚’
689 547 814 594 mitis,
841 547 1024 593 affabilis,
1054 547 1122 584 et3
1151 546 1355 595 benignus
1384 546 1587 585 omnibus.

335 612 390 649 Et
431 612 609 661 quidem,
652 612 724 650 ubi
769 614 1020 661 oportunum
1067 612 1336 660 conperiebat,
1378 614 1593 660 peccantes

334 677 511 726 regulari
548 677 764 726 disciplina
806 677 1036 725 cohercens,
1079 677 1149 714 sed
1188 677 1319 726 magis
1356 679 1497 714 tamen
1533 676 1593 714 in·

332 742 470 791 genita
503 742 702 792 diligendi
731 743 1027 780 consuetudine
1057 741 1224 780 sedulus
1253 755 1506 789 ammonens,
1538 755 1592 779 ne

332 807 404 856 qui
424 820 588 856 peccare
607 807 744 855 uellet,
768 809 809 845 et
830 807 1166 856 limpidissimam
1187 807 1332 845 uultus
1351 807 1438 845 eius
1457 807 1592 845 lucem

331 872 475 910 nubilo
496 872 573 910 sibi
593 886 689 910 suae
711 872 1012 922 inquietudinis
1041 872 1299 910 abscondere.
1363 873 1491 922 Saepe
1518 886 1592 922 pro

333 938 523 976 curandis
559 937 797 975 monasterii
835 937 1012 987 negotiis
1049 937 1199 974 alicubi
1239 937 1482 986 digrediens,
1519 938 1592 976 ubi

333 1005 546 1051 operantes
592 1003 754 1040 inuenit
801 1003 956 1049 fratres,
1000 1002 1154 1040 solebat
1195 1003 1252 1040 eis
1291 1003 1509 1041 confestim
1546 1003 1591 1041 in

333 1081 452 1117 opere
483 1068 702 1117 coniungi3
744 1068 810 1105 uel
839 1067 961 1105 aratri
993 1080 1178 1116 gressum
1209 1068 1342 1106 stiba⁴
1371 1069 1547 1117 regendo
1563 1068 1587 1114 ⁵,

331 1134 399 1171 uel
427 1134 581 1171 ferrum
611 1133 761 1171 malleo
791 1133 1006 1180 domando,
1033 1133 1101 1170 uel
1128 1133 1408 1171 uentilabrum
1436 1135 1592 1171 manu6

332 1199 613 1247 concutiendo,
638 1198 707 1236 uel
732 1198 842 1236 aliud
867 1198 963 1247 quid
993 1197 1074 1235 tale
1099 1199 1286 1247 gerendo.
1348 1199 1448 1237 Erat
1477 1199 1591 1237 enim

333 1266 373 1302 et
411 1263 570 1302 uiribus
612 1263 730 1301 fortis
767 1263 939 1311 iuuenis,
974 1265 1013 1301 et
1050 1263 1192 1312 lingua
1229 1264 1367 1302 suauis
1384 1279 1393 1312 ;
1440 1263 1510 1302 sed
1550 1266 1591 1302 et

330 1330 470 1367 animo
490 1329 643 1377 hilaris,
668 1331 709 1367 et
730 1329 926 1367 beneficio
949 1329 1094 1379 largus,
1121 1331 1159 1367 et
1185 1329 1383 1368 honestus
1408 1332 1586 1379 aspectu.

328 1395 486 1433 Eodem
517 1409 598 1444 quo
627 1395 773 1433 fratres
804 1394 926 1432 ceteri
960 1395 1059 1442 cibo,
1097 1408 1258 1444 semper
1289 1395 1430 1433 eadem
1460 1409 1591 1433 uesce-

327 1461 447 1499 batur
473 1461 518 1498 in
548 1461 679 1509 domo,
704 1462 793 1510 ipso
822 1474 901 1509 quo
930 1461 1170 1509 priusquam
1199 1460 1323 1498 abbas
1352 1462 1458 1498 esset
1487 1474 1590 1498 com—

328 1527 447 1565 muni
481 1527 710 1565 dormiebat
740 1527 785 1564 in
814 1527 911 1574 loco,
945 1527 1044 1564 adeo
1082 1528 1128 1564 ut
1167 1525 1292 1563 etiam
1331 1526 1475 1564 morbo
1509 1540 1589 1564 cor-

328 1595 478 1642 reptus,
515 1595 555 1630 et
585 1593 721 1631 obitus
752 1592 816 1630 sui
849 1593 970 1630 certis
1000 1605 1049 1629 ex
1083 1591 1211 1641 signis
1249 1591 1332 1629 iam
1370 1592 1583 1640 praescius,

328 1659 429 1696 duos
467 1658 599 1696 adhuc
638 1658 725 1696 dies
762 1657 808 1695 in
847 1656 1099 1702 dormitorio
1140 1657 1316 1694 fratrum
1349 1657 1583 1706 quiesceret.
1611 1665 1633 1694 f.
1653 1675 1682 1694 12
1697 1666 1725 1694 b.

326 1723 433 1762 Nam
472 1724 655 1773 quinque
689 1723 867 1773 reliquos
901 1735 1032 1772 usque
1070 1722 1120 1760 ad
1159 1722 1293 1760 exitus
1323 1722 1467 1760 horam
1503 1722 1589 1761 dies

325 1788 369 1826 in
398 1789 603 1827 secretiori
632 1802 674 1827 se
704 1789 801 1827 aede
830 1788 1013 1836 locabat3
1049 1787 1154 1836 qua⁷
1183 1787 1248 1825 die
1277 1788 1454 1837 quadam
1483 1801 1590 1837 egre-

327 1854 452 1903 diens,
497 1856 537 1892 et
574 1854 650 1892 sub
689 1855 786 1892 diuo
824 1854 1021 1893 residens.
1051 1854 1187 1891 accitis
1224 1854 1273 1891 ad
1313 1867 1356 1891 se
1393 1854 1588 1892 fratribus

326 1920 494 1965 cunctis,
527 1934 641 1958 more
669 1922 841 1958 naturae
871 1919 1145 1957 misericordis
1174 1919 1361 1957 osculum
1390 1919 1500 1968 pacis
1529 1919 1587 1958 eis

326 1984 534 2030 flentibus,
560 1997 604 2022 ac
625 1985 675 2022 de
694 1984 882 2022 abscessu
903 1984 1008 2022 tanti
1029 1984 1157 2033 patris
1178 1986 1218 2022 et
1237 1984 1411 2032 pastoris
1431 1997 1588 2022 meren-

96 2056 156 2083 His
171 2056 278 2091 death,
326 2049 438 2087 tibus
472 2050 596 2088 dedit.
659 2050 769 2088 Obiit
803 2052 942 2088 autem
976 2063 1048 2098 per
1081 2063 1212 2087 nonas
1242 2049 1411 2087 Martias
1446 2051 1582 2097 noctu,

97 2095 212 2123 March
229 2097 255 2125 6.
325 2114 520 2153 fratribus
566 2115 795 2153 matutinae
841 2115 1093 2164 psalmodiae
1140 2114 1285 2153 laude8
1332 2115 1582 2154 uacantibus.

325 2180 488 2229 Uiginti
508 2181 643 2218 11110r
661 2193 867 2218 annorum
888 2182 973 2218 erat
994 2193 1084 2218 cum
1103 2180 1399 2218 monasterium
1413 2181 1581 2229 peteret,

325 2245 438 2283 ·X11-
460 2245 505 2283 in
534 2259 580 2283 eo
610 2246 716 2284 uixit
745 2246 876 2293 annis,
905 2247 1063 2294 septem
1092 2245 1389 2294 presbiteratu⁹
1417 2246 1587 2299 functus

324 2313 384 2349 est
401 2310 429 2330 ¹⁰
450 2310 581 2359 annis,
607 2311 739 2349 ΙΙΠΟΥ
768 2324 817 2348 ex
845 2311 904 2349 eis
933 2311 1172 2349 monasterii
1200 2311 1384 2360 regimen
1412 2311 1585 2360 agebat;

365 2433 377 2451 ¹
400 2435 573 2474 regimine
591 2435 630 2466 D.
650 2435 710 2476 H2.
729 2435 766 2467 P.
784 2435 820 2465 C.
837 2435 878 2465 B.
897 2435 932 2466 F.
1017 2433 1028 2450 ²
1049 2434 1172 2465 eodem
1191 2458 1198 2465 .
1217 2459 1224 2466 .
1243 2457 1249 2463 .
1268 2443 1336 2473 quo
1356 2434 1396 2466 D.
1415 2434 1477 2473 H2.
1494 2434 1531 2465 P.
1545 2434 1583 2466 C.

323 2487 364 2518 B.
381 2487 420 2518 F.
536 2486 548 2503 3
571 2497 610 2517 ac
627 2487 688 2525 H2.
817 2485 828 2502 ¹
848 2488 891 2517 sic
907 2486 1006 2518 MSS.
1022 2490 1117 2523 except
1134 2487 1314 2517 Aestiua.
1431 2485 1444 2503 ⁵
1467 2486 1526 2517 -da
1542 2486 1584 2517 B.

321 2540 334 2558 ⁶
355 2548 529 2570 manuum
543 2539 605 2578 HL.
714 2537 725 2556 ⁷
750 2548 857 2578 quam
874 2542 914 2570 Δ.
1035 2537 1047 2555 ⁸
1071 2539 1169 2569 laudi
1186 2538 1224 2570 C.
1341 2538 1352 2557 ⁹
1375 2539 1450 2569 -tus
1465 2539 1526 2579 H2.
1543 2538 1582 2569 P.

324 2591 348 2610 ¹⁰
371 2593 424 2622 est
439 2601 501 2623 om.
518 2591 554 2622 C.
