1803 2887
306 161 392 202 386
723 159 934 203 Historia
964 160 1191 204 Abbatum

307 274 482 311 Romam
520 273 578 311 ire
622 273 855 312 desiderant
873 274 896 322 ¹,
938 274 1109 313 domum
1148 273 1289 323 magis,
1334 287 1412 324 qua
1454 274 1564 313 hunc

306 339 515 388 sepultum
564 339 817 388 nuntiarent,
861 340 1039 388 reuerti;
1080 340 1231 389 partim
1278 340 1328 378 ad
1376 340 1565 378 tumbam

306 405 490 442 defuncti
514 405 622 442 inter
641 418 719 447 eos,
745 419 919 454 quorum
948 419 1022 444 nec
1042 406 1229 454 linguam
1257 407 1466 452 nouerant,
1491 418 1564 455 pro

305 469 613 519 inextinguibili
633 470 758 519 patris
778 471 924 509 affectu
944 473 1115 510 residere.
1587 472 1672 501 Hist.

365 547 423 573 22.
458 537 558 574 Erat
586 538 735 583 autem,
764 537 925 585 quando
956 536 1067 583 obiit,
1099 548 1291 575 annorum
1319 537 1564 584 septuayz'nta
1587 513 1732 588 &333³

305 601 453 647 IIII&
484 601 710 649 presbyterii
746 599 750 650 1
786 602 912 649 gradu
950 602 1116 649 functus
1153 602 1269 640 annis
1306 602 1564 649 quadrayinta
1587 606 1611 634 f.
1625 617 1662 635 20
1677 608 1703 635 b-

305 669 452 713 septem,
477 667 627 704 abbatis
655 665 834 704 officium
857 667 1098 704 ministrans
1127 668 1243 705 annis·
1271 667 1432 713 ίνίρίηία
1459 667 1566 714 quin-

306 743 386 779 que,
412 731 479 768 uel
499 731 636 779 potius
662 731 782 769 annis
808 730 1104 780 quadraginta²
1124 731 1267 779 tribus,
1293 731 1388 780 quia
1414 731 1566 769 scilicet

304 809 327 834 a
347 796 481 845 primo
503 798 697 845 tempore,
723 810 802 845 quo
824 798 1073 836 Benedictus
1097 798 1142 835 in
1168 797 1321 835 honore
1342 796 1566 834 beatissimi

305 862 585 910 apostolorum
622 861 818 911 principis
857 877 980 901 suum
1026 863 1157 912 coepit
1195 862 1368 901 condere
1409 874 1567 900 monas-

305 926 466 973 terium,
519 927 606 976 ipse
652 927 716 965 illi
763 941 898 966 comes
946 928 1200 975 indiuiduus,
1244 929 1479 975 cooperator
1526 928 1566 964 et

306 992 448 1030 doctor
488 993 686 1041 regularis
723 995 763 1031 et
801 995 1049 1032 monasticae
1088 992 1366 1031 institutionis
1412 992 1561 1030 aderat.

74 1063 134 1092 His
149 1063 245 1099 piety.
306 1057 383 1096 Cui
403 1071 456 1095 ne
471 1058 593 1106 prisci
613 1072 770 1096 morem
790 1059 946 1107 rigoris,
965 1060 1031 1097 uel
1052 1059 1183 1106 etatis,
1209 1059 1275 1096 uel
1295 1057 1562 1104 infirmitatis,

306 1123 372 1161 uel
406 1123 568 1161 itineris
600 1137 783 1173 unquam
817 1123 1047 1163 minueret¹
1080 1124 1264 1171 occasio;
1305 1137 1354 1162 ex
1389 1123 1454 1161 die
1486 1136 1566 1172 quo

306 1190 356 1228 de
386 1191 613 1228 monasterio
639 1202 707 1228 suo
730 1190 939 1239 profectus
973 1190 1084 1237 abiit,
1117 1203 1236 1238 usque
1270 1190 1320 1228 ad
1358 1191 1455 1228 diem
1486 1203 1567 1239 quo

305 1255 524 1293 defunctus
554 1257 626 1302 est,
650 1254 691 1293 id
717 1257 790 1303 est,
815 1269 837 1293 a
865 1256 994 1305 pridie
1025 1269 1155 1294 nonas
1184 1256 1330 1295 Iunias
1359 1268 1487 1305 usque
1515 1255 1565 1293 ad

305 1320 558 1369 septimum³
596 1320 865 1358 kalendarum
912 1321 1149 1359 Octobrium
1195 1322 1315 1368 diem,
1358 1334 1431 1369 per
1477 1320 1565 1358 dies

305 1388 473 1424 centum
519 1386 837 1434 quatuordecim,
881 1387 1040 1435 exceptis
1086 1386 1282 1425 canonicis
1331 1385 1562 1424 orationum

301 1451 425 1499 horis,
451 1453 586 1490 cotidie
605 1451 667 1489 bis
679 1453 912 1500 psalterium
930 1464 974 1490 ex
996 1453 1126 1491 ordine
1147 1453 1350 1491 decantare
1377 1452 1535 1490 curauit
1553 1466 1563 1499 ;

302 1518 417 1556 etiam
446 1519 545 1555 tunc
578 1517 689 1555 cums*
720 1517 770 1555 ad
804 1518 880 1555 hoc
912 1531 985 1566 per
1014 1517 1301 1555 infirmitatem
1338 1517 1560 1565 deueniret,

303 1585 350 1621 ut
387 1584 555 1630 equitare
592 1595 670 1622 non
715 1585 849 1622 ualens
892 1584 1040 1621 feretro
1082 1585 1289 1622 caballarz'o
1331 1583 1560 1629 ueheretur,

302 1648 450 1686 cotidie
494 1648 620 1686 missa
666 1651 825 1687 cantata
870 1649 1059 1687 salutaris
1107 1650 1248 1687 hostiae
1286 1649 1372 1686 Deo
1410 1661 1565 1686 munus

302 1714 463 1761 offerret,
494 1718 643 1762 excepto
666 1727 757 1761 uno,
786 1728 861 1763 quo
886 1727 1083 1753 oceanum
1113 1714 1343 1764 nauigabat,
1368 1717 1403 1752 et
1430 1713 1565 1751 tribus

303 1783 391 1818 αηΐθ
410 1779 569 1817 exitum
589 1781 732 1819 diebus.

73 1850 135 1878 His
151 1850 268 1885 burial,
361 1855 419 1889 23.
454 1842 567 1880 Obiit
604 1846 734 1881 autem
770 1843 926 1890 septimo
955 1843 1205 1880 kalendarum
1238 1842 1453 1881 Octobrium
1482 1841 1558 1888 die,
1589 1847 1630 1875 ib.

73 1890 160 1965 ῗιθᾶή
178 1892 221 1925 ²6‘
302 1919 411 1944 anno
445 1907 495 1944 ab
526 1906 806 1945 incarnatione
838 1907 1007 1945 Domini
1036 1906 1402 1956 septingentesimo
1436 1908 1565 1944 sexto-

303 1972 474 2020 decimo,
517 1972 616 2011 feria
657 1975 781 2020 sexta,
824 1975 915 2022 post
961 1973 1105 2011 horam
1151 1986 1316 2018 nonam,
1355 1974 1397 2010 m
1435 1974 1564 2020 pratis

301 2040 550 2075 memoratae
571 2040 763 2085 ciuitatis;
788 2040 958 2086 sepultus
978 2038 1021 2076 in
1042 2038 1267 2076 crastinum
1283 2038 1331 2076 ad
1349 2039 1537 2075 austrum
1551 2037 1564 2057 ⁵

303 2103 488 2141 eiusdem
526 2105 695 2142 ciuitatis
724 2105 895 2142 miliario
927 2104 1060 2153 primo
1089 2106 1132 2142 in
1160 2103 1409 2141 monasterio
1440 2104 1564 2142 Gemi-

301 2181 449 2217 norum,
487 2168 674 2207 adstante
700 2168 703 2220 Ι
729 2183 774 2207 ac
807 2169 988 2219 psalmos
1021 2170 1237 2207 resonante
1268 2169 1447 2206 exercitu
1478 2182 1563 2206 non
1587 2172 1608 2200 f.
1625 2181 1654 2199 21
1671 2181 1701 2200 a.

302 2247 427 2283 paruo
457 2236 542 2272 tam
572 2235 818 2284 Anglorum,
843 2235 913 2284 qui
941 2248 1036 2273 cum
1066 2248 1112 2272 eo
1140 2234 1403 2281 aduenerant,
1437 2247 1562 2283 quam

302 2299 539 2337 monasterii
559 2299 742 2338 eiusdem
757 2300 823 2338 uel
842 2302 1012 2340 ciuitatis
1030 2300 1255 2338 incolamm.
1298 2299 1406 2337 Sunt
1424 2301 1562 2337 autem

303 2364 472 2403 Gemini
499 2367 712 2415 martyres,
745 2365 790 2403 in
821 2379 998 2415 quorum
1028 2364 1276 2403 monasterio
1305 2365 1346 2402 et
1374 2364 1564 2403 aecclesia

346 2481 355 2499 ¹
379 2483 448 2512 -rat
463 2482 504 2512 B.
678 2481 690 2499 ²
712 2482 759 2512 ui*
773 2482 807 2522 (i.
818 2493 840 2513 e.
858 2483 930 2521 uel)
949 2483 991 2514 D.
1009 2483 1048 2514 P.
1065 2483 1112 2521 F;
1136 2485 1182 2512 the
1197 2485 1307 2513 scribes
1322 2485 1449 2513 mistook
1464 2482 1501 2512 xl
1509 2484 1565 2520 for

302 2533 360 2571 uT3
387 2543 446 2564 om.
463 2533 501 2564 C.
690 2533 702 2552 ³
725 2544 797 2565 -ma
816 2534 852 2565 P.
872 2534 910 2566 F.
1084 2534 1096 2551 ⁴
1119 2544 1200 2565 cum
1216 2545 1274 2565 om.
1293 2534 1335 2566 D.
1354 2534 1391 2565 P.
1409 2533 1447 2566 C.
1464 2534 1506 2566 Β.
1523 2534 1563 2566 F.

299 2585 312 2603 ³
336 2586 510 2616 austrium
529 2585 588 2625 H„
