<?xml version="1.0" encoding="UTF-8"?>
<!DOCTYPE html PUBLIC "-//W3C//DTD XHTML 1.0 Transitional//EN"
    "http://www.w3.org/TR/xhtml1/DTD/xhtml1-transitional.dtd">
<html xmlns="http://www.w3.org/1999/xhtml" xml:lang="en" lang="en">
 <head>
  <title>
</title>
<meta http-equiv="Content-Type" content="text/html;charset=utf-8" />
  <meta name='ocr-system' content='tesseract 3.04.00' />
  <meta name='ocr-capabilities' content='ocr_page ocr_carea ocr_par ocr_line ocrx_word'/>
</head>
<body>
  <div class='ocr_page' id='page_1' title='image "./venerabilisbaeda00bedeuoft_0191.png"; bbox 0 0 1788 2928; ppageno 0'>
   <div class='ocr_carea' id='block_1_1' title="bbox 691 193 1466 248">
    <p class='ocr_par' dir='ltr' id='par_1_1' title="bbox 691 193 1466 248">
     <span class='ocr_line' id='line_1_1' title="bbox 691 193 1466 248; baseline 0 -14"><span class='ocrx_word' id='word_1_1' title='bbox 691 194 919 248; x_wconf 70' lang='lat' dir='ltr'><strong>Capitula.</strong></span> <span class='ocrx_word' id='word_1_2' title='bbox 1297 193 1466 235; x_wconf 75' lang='lat' dir='ltr'><strong>clxxvii</strong></span> 
     </span>
    </p>
   </div>
   <div class='ocr_carea' id='block_1_2' title="bbox 585 343 1023 373">
    <p class='ocr_par' dir='ltr' id='par_1_2' title="bbox 585 343 1023 373">
     <span class='ocr_line' id='line_1_2' title="bbox 585 343 1023 373; baseline 0.002 -2"><span class='ocrx_word' id='word_1_3' title='bbox 585 343 797 371; x_wconf 84' lang='lat' dir='ltr'>CAPITULA</span> <span class='ocrx_word' id='word_1_4' title='bbox 822 344 943 371; x_wconf 83' lang='lat' dir='ltr'>LIBRI</span> <span class='ocrx_word' id='word_1_5' title='bbox 965 345 992 371; x_wconf 92' lang='lat' dir='ltr'>V</span> <span class='ocrx_word' id='word_1_6' title='bbox 1005 343 1023 373; x_wconf 86' lang='lat'><strong>¹.</strong></span> 
     </span>
    </p>
   </div>
   <div class='ocr_carea' id='block_1_3' title="bbox 143 401 1471 713">
    <p class='ocr_par' dir='ltr' id='par_1_3' title="bbox 143 401 1469 474">
     <span class='ocr_line' id='line_1_3' title="bbox 143 401 1469 419; baseline 0.001 -1"><span class='ocrx_word' id='word_1_7' title='bbox 143 401 204 419; x_wconf 48' lang='lat' dir='ltr'>(.¹.-xp,</span> <span class='ocrx_word' id='word_1_8' title='bbox 1406 401 1469 419; x_wconf 64' lang='lat' dir='ltr'>PAG.</span> 
     </span>
     <span class='ocr_line' id='line_1_4' title="bbox 146 438 1378 474; baseline 0 -8"><span class='ocrx_word' id='word_1_9' title='bbox 146 441 171 468; x_wconf 92' lang='lat' dir='ltr'><strong>I.</strong></span> <span class='ocrx_word' id='word_1_10' title='bbox 196 440 239 468; x_wconf 91' lang='lat' dir='ltr'><strong>Ut</strong></span> <span class='ocrx_word' id='word_1_11' title='bbox 255 439 420 467; x_wconf 77' lang='lat' dir='ltr'><strong>oidiluald</strong></span> <span class='ocrx_word' id='word_1_12' title='bbox 435 446 599 466; x_wconf 79' lang='lat' dir='ltr'><strong>successor</strong></span> <span class='ocrx_word' id='word_1_13' title='bbox 613 438 788 466; x_wconf 88' lang='lat' dir='ltr'><strong>Cudbercti</strong></span> <span class='ocrx_word' id='word_1_14' title='bbox 808 438 843 466; x_wconf 89' lang='lat' dir='ltr'><strong>in</strong></span> <span class='ocrx_word' id='word_1_15' title='bbox 857 438 1091 467; x_wconf 74' lang='lat' dir='ltr'>anachoretica</span> <span class='ocrx_word' id='word_1_16' title='bbox 1103 438 1185 474; x_wconf 74' lang='lat' dir='ltr'><strong>uita,</strong></span> <span class='ocrx_word' id='word_1_17' title='bbox 1200 439 1378 467; x_wconf 89' lang='lat' dir='ltr'><strong>laboranti-</strong></span> 
     </span>
    </p>

    <p class='ocr_par' dir='ltr' id='par_1_4' title="bbox 145 478 1471 713">
     <span class='ocr_line' id='line_1_5' title="bbox 262 478 1467 513; baseline -0.001 -7"><span class='ocrx_word' id='word_1_18' title='bbox 262 479 322 506; x_wconf 87' lang='lat' dir='ltr'><strong>bus</strong></span> <span class='ocrx_word' id='word_1_19' title='bbox 336 479 372 506; x_wconf 91' lang='lat' dir='ltr'><strong>in</strong></span> <span class='ocrx_word' id='word_1_20' title='bbox 386 478 472 506; x_wconf 84' lang='lat' dir='ltr'><strong>mari</strong></span> <span class='ocrx_word' id='word_1_21' title='bbox 486 478 652 513; x_wconf 72' lang='lat' dir='ltr'><strong>fratribus,</strong></span> <span class='ocrx_word' id='word_1_22' title='bbox 668 480 899 512; x_wconf 71' lang='lat' dir='ltr'><strong>tempestatem</strong></span> <span class='ocrx_word' id='word_1_23' title='bbox 913 480 1037 506; x_wconf 86' lang='lat' dir='ltr'><strong>orando</strong></span> <span class='ocrx_word' id='word_1_24' title='bbox 1050 479 1214 506; x_wconf 83' lang='lat' dir='ltr'><strong>sedauerit</strong></span> <span class='ocrx_word' id='word_1_25' title='bbox 1278 500 1285 506; x_wconf 92' lang='lat'><strong>.</strong></span> <span class='ocrx_word' id='word_1_26' title='bbox 1369 501 1375 506; x_wconf 87' lang='lat'><strong>.</strong></span> <span class='ocrx_word' id='word_1_27' title='bbox 1420 480 1467 505; x_wconf 80' lang='lat'><strong>281</strong></span> 
     </span>
     <span class='ocr_line' id='line_1_6' title="bbox 146 528 1469 563; baseline 0 -8"><span class='ocrx_word' id='word_1_28' title='bbox 146 530 189 558; x_wconf 89' lang='lat' dir='ltr'><strong>II.</strong></span> <span class='ocrx_word' id='word_1_29' title='bbox 213 530 258 557; x_wconf 91' lang='lat' dir='ltr'><strong>Ut</strong></span> <span class='ocrx_word' id='word_1_30' title='bbox 272 529 438 563; x_wconf 88' lang='lat' dir='ltr'><strong>episcopus</strong></span> <span class='ocrx_word' id='word_1_31' title='bbox 453 528 620 556; x_wconf 90' lang='lat' dir='ltr'><strong>Iohannes</strong></span> <span class='ocrx_word' id='word_1_32' title='bbox 633 530 766 556; x_wconf 83' lang='lat' dir='ltr'><strong>mutum</strong></span> <span class='ocrx_word' id='word_1_33' title='bbox 780 529 1003 557; x_wconf 84' lang='lat' dir='ltr'><strong>benedicendo</strong></span> <span class='ocrx_word' id='word_1_34' title='bbox 1018 529 1186 557; x_wconf 85' lang='lat' dir='ltr'><strong>curauerit</strong></span> <span class='ocrx_word' id='word_1_35' title='bbox 1278 550 1284 556; x_wconf 81' lang='lat'><strong>.</strong></span> <span class='ocrx_word' id='word_1_36' title='bbox 1369 551 1375 556; x_wconf 86' lang='lat'><strong>.</strong></span> <span class='ocrx_word' id='word_1_37' title='bbox 1421 531 1469 555; x_wconf 77' lang='lat'><strong>282</strong></span> 
     </span>
     <span class='ocr_line' id='line_1_7' title="bbox 145 579 1470 613; baseline -0.002 -6"><span class='ocrx_word' id='word_1_38' title='bbox 145 580 207 607; x_wconf 81' lang='lat' dir='ltr'><strong>HI.</strong></span> <span class='ocrx_word' id='word_1_39' title='bbox 232 580 276 607; x_wconf 91' lang='lat' dir='ltr'><strong>Ut</strong></span> <span class='ocrx_word' id='word_1_40' title='bbox 290 579 435 613; x_wconf 87' lang='lat' dir='ltr'><strong>puellam</strong></span> <span class='ocrx_word' id='word_1_41' title='bbox 448 579 662 613; x_wconf 77' lang='lat' dir='ltr'><strong>languentem</strong></span> <span class='ocrx_word' id='word_1_42' title='bbox 678 580 802 606; x_wconf 89' lang='lat' dir='ltr'><strong>orando</strong></span> <span class='ocrx_word' id='word_1_43' title='bbox 817 579 986 607; x_wconf 82' lang='lat' dir='ltr'><strong>sanauerit</strong></span> <span class='ocrx_word' id='word_1_44' title='bbox 1099 601 1106 607; x_wconf 86' lang='lat'><strong>.</strong></span> <span class='ocrx_word' id='word_1_45' title='bbox 1189 601 1196 607; x_wconf 87' lang='lat'><strong>.</strong></span> <span class='ocrx_word' id='word_1_46' title='bbox 1280 601 1286 607; x_wconf 87' lang='lat'><strong>.</strong></span> <span class='ocrx_word' id='word_1_47' title='bbox 1371 601 1376 606; x_wconf 95' lang='lat'><strong>.</strong></span> <span class='ocrx_word' id='word_1_48' title='bbox 1421 582 1470 613; x_wconf 77' lang='lat'><strong>285</strong></span> 
     </span>
     <span class='ocr_line' id='line_1_8' title="bbox 146 628 1471 664; baseline -0.002 -6"><span class='ocrx_word' id='word_1_49' title='bbox 146 630 201 658; x_wconf 89' lang='lat' dir='ltr'><strong>IV.</strong></span> <span class='ocrx_word' id='word_1_50' title='bbox 225 630 270 657; x_wconf 76' lang='lat' dir='ltr'><strong>Ut</strong></span> <span class='ocrx_word' id='word_1_51' title='bbox 283 629 456 664; x_wconf 85' lang='lat' dir='ltr'><strong>coniugem</strong></span> <span class='ocrx_word' id='word_1_52' title='bbox 471 629 601 656; x_wconf 90' lang='lat' dir='ltr'><strong>comitis</strong></span> <span class='ocrx_word' id='word_1_53' title='bbox 615 628 784 656; x_wconf 86' lang='lat' dir='ltr'><strong>infirmam</strong></span> <span class='ocrx_word' id='word_1_54' title='bbox 799 638 885 664; x_wconf 87' lang='lat' dir='ltr'><strong>aqua</strong></span> <span class='ocrx_word' id='word_1_55' title='bbox 898 629 1071 657; x_wconf 84' lang='lat' dir='ltr'><strong>benedicta</strong></span> <span class='ocrx_word' id='word_1_56' title='bbox 1085 630 1252 657; x_wconf 81' lang='lat' dir='ltr'><strong>curauerit</strong></span> <span class='ocrx_word' id='word_1_57' title='bbox 1277 652 1284 657; x_wconf 87' lang='lat'><strong>.</strong></span> <span class='ocrx_word' id='word_1_58' title='bbox 1368 651 1374 657; x_wconf 96' lang='lat'><strong>.</strong></span> <span class='ocrx_word' id='word_1_59' title='bbox 1418 631 1471 656; x_wconf 81' lang='lat'><strong>286</strong></span> 
     </span>
     <span class='ocr_line' id='line_1_9' title="bbox 146 679 1470 713; baseline -0.001 -6"><span class='ocrx_word' id='word_1_60' title='bbox 146 680 183 707; x_wconf 89' lang='lat' dir='ltr'><strong>V.</strong></span> <span class='ocrx_word' id='word_1_61' title='bbox 207 680 252 707; x_wconf 89' lang='lat' dir='ltr'><strong>Ut</strong></span> <span class='ocrx_word' id='word_1_62' title='bbox 266 680 345 707; x_wconf 84' lang='lat' dir='ltr'><strong>item</strong></span> <span class='ocrx_word' id='word_1_63' title='bbox 359 688 498 713; x_wconf 88' lang='lat' dir='ltr'><strong>puerum</strong></span> <span class='ocrx_word' id='word_1_64' title='bbox 512 679 639 707; x_wconf 84' lang='lat' dir='ltr'><strong>comitis</strong></span> <span class='ocrx_word' id='word_1_65' title='bbox 653 680 777 707; x_wconf 83' lang='lat' dir='ltr'><strong>orando</strong></span> <span class='ocrx_word' id='word_1_66' title='bbox 792 689 812 707; x_wconf 88' lang='lat' dir='ltr'><strong>a</strong></span> <span class='ocrx_word' id='word_1_67' title='bbox 826 682 930 707; x_wconf 88' lang='lat' dir='ltr'><strong>morte</strong></span> <span class='ocrx_word' id='word_1_68' title='bbox 945 680 1151 708; x_wconf 85' lang='lat' dir='ltr'><strong>reuocauerit</strong></span> <span class='ocrx_word' id='word_1_69' title='bbox 1187 702 1193 707; x_wconf 94' lang='lat'><strong>.</strong></span> <span class='ocrx_word' id='word_1_70' title='bbox 1278 702 1285 708; x_wconf 90' lang='lat'><strong>.</strong></span> <span class='ocrx_word' id='word_1_71' title='bbox 1368 702 1375 707; x_wconf 91' lang='lat'><strong>.</strong></span> <span class='ocrx_word' id='word_1_72' title='bbox 1419 682 1470 707; x_wconf 79' lang='lat'><strong>288</strong></span> 
     </span>
    </p>
   </div>
   <div class='ocr_carea' id='block_1_4' title="bbox 146 730 1470 805">
    <p class='ocr_par' dir='ltr' id='par_1_5' title="bbox 146 730 1470 805">
     <span class='ocr_line' id='line_1_10' title="bbox 146 730 1378 765; baseline -0.001 -7"><span class='ocrx_word' id='word_1_73' title='bbox 146 731 200 758; x_wconf 88' lang='lat' dir='ltr'><strong>VI.</strong></span> <span class='ocrx_word' id='word_1_74' title='bbox 224 731 268 758; x_wconf 90' lang='lat' dir='ltr'><strong>Ut</strong></span> <span class='ocrx_word' id='word_1_75' title='bbox 282 730 437 758; x_wconf 83' lang='lat' dir='ltr'><strong>clericum</strong></span> <span class='ocrx_word' id='word_1_76' title='bbox 452 738 548 757; x_wconf 90' lang='lat' dir='ltr'><strong>suum</strong></span> <span class='ocrx_word' id='word_1_77' title='bbox 562 730 707 757; x_wconf 86' lang='lat' dir='ltr'><strong>cadendo</strong></span> <span class='ocrx_word' id='word_1_78' title='bbox 722 730 911 765; x_wconf 82' lang='lat' dir='ltr'><strong>contritum,</strong></span> <span class='ocrx_word' id='word_1_79' title='bbox 929 739 1030 765; x_wconf 85' lang='lat' dir='ltr'><strong>aeque</strong></span> <span class='ocrx_word' id='word_1_80' title='bbox 1050 731 1174 758; x_wconf 87' lang='lat' dir='ltr'><strong>orando</strong></span> <span class='ocrx_word' id='word_1_81' title='bbox 1189 739 1226 757; x_wconf 81' lang='lat' dir='ltr'><strong>ac</strong></span> <span class='ocrx_word' id='word_1_82' title='bbox 1248 730 1378 758; x_wconf 84' lang='lat' dir='ltr'><strong>benedi-</strong></span> 
     </span>
     <span class='ocr_line' id='line_1_11' title="bbox 262 769 1470 805; baseline 0.001 -9"><span class='ocrx_word' id='word_1_83' title='bbox 262 770 364 797; x_wconf 88' lang='lat' dir='ltr'><strong>cendo</strong></span> <span class='ocrx_word' id='word_1_84' title='bbox 378 778 398 796; x_wconf 89' lang='lat' dir='ltr'><strong>a</strong></span> <span class='ocrx_word' id='word_1_85' title='bbox 412 772 517 797; x_wconf 87' lang='lat' dir='ltr'><strong>morte</strong></span> <span class='ocrx_word' id='word_1_86' title='bbox 535 769 743 797; x_wconf 83' lang='lat' dir='ltr'><strong>reuocauerit</strong></span> <span class='ocrx_word' id='word_1_87' title='bbox 823 790 830 797; x_wconf 89' lang='lat'><strong>.</strong></span> <span class='ocrx_word' id='word_1_88' title='bbox 914 791 920 797; x_wconf 90' lang='lat'><strong>.</strong></span> <span class='ocrx_word' id='word_1_89' title='bbox 1004 791 1011 797; x_wconf 92' lang='lat'><strong>.</strong></span> <span class='ocrx_word' id='word_1_90' title='bbox 1095 791 1101 797; x_wconf 95' lang='lat'><strong>.</strong></span> <span class='ocrx_word' id='word_1_91' title='bbox 1187 791 1192 796; x_wconf 96' lang='lat'><strong>.</strong></span> <span class='ocrx_word' id='word_1_92' title='bbox 1277 791 1283 797; x_wconf 95' lang='lat'><strong>.</strong></span> <span class='ocrx_word' id='word_1_93' title='bbox 1367 791 1373 797; x_wconf 95' lang='lat'><strong>.</strong></span> <span class='ocrx_word' id='word_1_94' title='bbox 1418 771 1470 805; x_wconf 76' lang='lat'><strong>289</strong></span> 
     </span>
    </p>
   </div>
   <div class='ocr_carea' id='block_1_5' title="bbox 145 820 1469 933">
    <p class='ocr_par' dir='ltr' id='par_1_6' title="bbox 145 820 1469 933">
     <span class='ocr_line' id='line_1_12' title="bbox 145 820 1379 854; baseline -0.001 -6"><span class='ocrx_word' id='word_1_95' title='bbox 145 821 219 849; x_wconf 92' lang='lat' dir='ltr'>VII.</span> <span class='ocrx_word' id='word_1_96' title='bbox 242 820 287 848; x_wconf 84' lang='lat' dir='ltr'><strong>Ut</strong></span> <span class='ocrx_word' id='word_1_97' title='bbox 325 820 501 848; x_wconf 84' lang='lat' dir='ltr'><strong>Caedualla</strong></span> <span class='ocrx_word' id='word_1_98' title='bbox 545 828 602 847; x_wconf 87' lang='lat' dir='ltr'><strong>rex</strong></span> <span class='ocrx_word' id='word_1_99' title='bbox 645 820 909 847; x_wconf 85' lang='lat' dir='ltr'><strong>Occidentalium</strong></span> <span class='ocrx_word' id='word_1_100' title='bbox 953 820 1120 847; x_wconf 76' lang='lat' dir='ltr'><strong>Saxonum</strong></span> <span class='ocrx_word' id='word_1_101' title='bbox 1162 820 1379 854; x_wconf 85' lang='lat' dir='ltr'><strong>baptizandus</strong></span> 
     </span>
     <span class='ocr_line' id='line_1_13' title="bbox 262 859 1378 893; baseline 0 -7"><span class='ocrx_word' id='word_1_102' title='bbox 262 860 401 886; x_wconf 83' lang='lat' dir='ltr'><strong>Romam</strong></span> <span class='ocrx_word' id='word_1_103' title='bbox 414 859 562 893; x_wconf 78' lang='lat' dir='ltr'><strong>uenerit3</strong></span> <span class='ocrx_word' id='word_1_104' title='bbox 584 860 639 886; x_wconf 83' lang='lat' dir='ltr'><strong>secl</strong></span> <span class='ocrx_word' id='word_1_105' title='bbox 661 862 694 886; x_wconf 92' lang='lat' dir='ltr'><strong>et</strong></span> <span class='ocrx_word' id='word_1_106' title='bbox 715 868 880 887; x_wconf 81' lang='lat' dir='ltr'><strong>successor</strong></span> <span class='ocrx_word' id='word_1_107' title='bbox 902 860 971 887; x_wconf 86' lang='lat' dir='ltr'><strong>eius</strong></span> <span class='ocrx_word' id='word_1_108' title='bbox 995 859 1049 886; x_wconf 90' lang='lat' dir='ltr'><strong>Ini</strong></span> <span class='ocrx_word' id='word_1_109' title='bbox 1070 860 1184 887; x_wconf 81' lang='lat' dir='ltr'><strong>eadem</strong></span> <span class='ocrx_word' id='word_1_110' title='bbox 1209 860 1378 887; x_wconf 82' lang='lat' dir='ltr'><strong>beatorum</strong></span> 
     </span>
     <span class='ocr_line' id='line_1_14' title="bbox 261 898 1469 933; baseline 0 -8"><span class='ocrx_word' id='word_1_111' title='bbox 261 899 481 932; x_wconf 86' lang='lat' dir='ltr'><strong>apostolorum</strong></span> <span class='ocrx_word' id='word_1_112' title='bbox 494 898 614 925; x_wconf 84' lang='lat' dir='ltr'><strong>limina</strong></span> <span class='ocrx_word' id='word_1_113' title='bbox 628 899 766 926; x_wconf 88' lang='lat' dir='ltr'><strong>deuotus</strong></span> <span class='ocrx_word' id='word_1_114' title='bbox 780 899 899 926; x_wconf 87' lang='lat' dir='ltr'><strong>adierit</strong></span> <span class='ocrx_word' id='word_1_115' title='bbox 919 921 925 927; x_wconf 87' lang='lat'><strong>.</strong></span> <span class='ocrx_word' id='word_1_116' title='bbox 1009 920 1015 926; x_wconf 92' lang='lat'><strong>.</strong></span> <span class='ocrx_word' id='word_1_117' title='bbox 1099 920 1105 926; x_wconf 90' lang='lat'><strong>.</strong></span> <span class='ocrx_word' id='word_1_118' title='bbox 1187 920 1193 926; x_wconf 87' lang='lat'><strong>.</strong></span> <span class='ocrx_word' id='word_1_119' title='bbox 1277 921 1283 926; x_wconf 97' lang='lat'><strong>.</strong></span> <span class='ocrx_word' id='word_1_120' title='bbox 1368 921 1375 926; x_wconf 90' lang='lat'><strong>.</strong></span> <span class='ocrx_word' id='word_1_121' title='bbox 1418 909 1469 933; x_wconf 77' lang='lat'><strong>292</strong></span> 
     </span>
    </p>
   </div>
   <div class='ocr_carea' id='block_1_6' title="bbox 145 948 1470 1064">
    <p class='ocr_par' dir='ltr' id='par_1_7' title="bbox 145 948 1470 1064">
     <span class='ocr_line' id='line_1_15' title="bbox 145 948 1378 984; baseline 0 -8"><span class='ocrx_word' id='word_1_122' title='bbox 145 949 236 977; x_wconf 90' lang='lat' dir='ltr'>VIII.</span> <span class='ocrx_word' id='word_1_123' title='bbox 259 949 304 976; x_wconf 89' lang='lat' dir='ltr'><strong>Ut</strong></span> <span class='ocrx_word' id='word_1_124' title='bbox 329 948 496 976; x_wconf 81' lang='lat' dir='ltr'><strong>Theodoro</strong></span> <span class='ocrx_word' id='word_1_125' title='bbox 524 949 680 976; x_wconf 83' lang='lat' dir='ltr'><strong>defuncto</strong></span> <span class='ocrx_word' id='word_1_126' title='bbox 706 949 1005 984; x_wconf 73' lang='lat' dir='ltr'><strong>archiepiscopatus</strong></span> <span class='ocrx_word' id='word_1_127' title='bbox 1031 950 1172 984; x_wconf 85' lang='lat' dir='ltr'><strong>gradum</strong></span> <span class='ocrx_word' id='word_1_128' title='bbox 1200 949 1378 977; x_wconf 84' lang='lat' dir='ltr'><strong>Berctuald</strong></span> 
     </span>
     <span class='ocr_line' id='line_1_16' title="bbox 261 988 1378 1023; baseline 0 -8"><span class='ocrx_word' id='word_1_129' title='bbox 261 988 458 1022; x_wconf 77' lang='lat' dir='ltr'><strong>susceperit3</strong></span> <span class='ocrx_word' id='word_1_130' title='bbox 481 990 513 1016; x_wconf 88' lang='lat' dir='ltr'><strong>et</strong></span> <span class='ocrx_word' id='word_1_131' title='bbox 527 988 615 1015; x_wconf 87' lang='lat' dir='ltr'><strong>inter</strong></span> <span class='ocrx_word' id='word_1_132' title='bbox 635 988 803 1023; x_wconf 76' lang='lat' dir='ltr'><strong>plurimos,</strong></span> <span class='ocrx_word' id='word_1_133' title='bbox 821 997 900 1023; x_wconf 89' lang='lat' dir='ltr'><strong>quos</strong></span> <span class='ocrx_word' id='word_1_134' title='bbox 919 989 1097 1023; x_wconf 77' lang='lat' dir='ltr'><strong>ordinauit,</strong></span> <span class='ocrx_word' id='word_1_135' title='bbox 1119 989 1220 1016; x_wconf 83' lang='lat' dir='ltr'><strong>etiam</strong></span> <span class='ocrx_word' id='word_1_136' title='bbox 1245 988 1378 1015; x_wconf 88' lang='lat' dir='ltr'><strong>Tobiam</strong></span> 
     </span>
     <span class='ocr_line' id='line_1_17' title="bbox 260 1027 1470 1064; baseline 0.001 -10"><span class='ocrx_word' id='word_1_137' title='bbox 260 1027 373 1055; x_wconf 85' lang='lat' dir='ltr'><strong>uirum</strong></span> <span class='ocrx_word' id='word_1_138' title='bbox 387 1027 615 1055; x_wconf 87' lang='lat' dir='ltr'><strong>doctissimum</strong></span> <span class='ocrx_word' id='word_1_139' title='bbox 630 1028 785 1055; x_wconf 83' lang='lat' dir='ltr'><strong>Hrofensi</strong></span> <span class='ocrx_word' id='word_1_140' title='bbox 800 1028 954 1055; x_wconf 87' lang='lat' dir='ltr'><strong>ecclesiae</strong></span> <span class='ocrx_word' id='word_1_141' title='bbox 968 1028 1083 1055; x_wconf 84' lang='lat' dir='ltr'><strong>fecerit</strong></span> <span class='ocrx_word' id='word_1_142' title='bbox 1097 1028 1284 1055; x_wconf 80' lang='lat' dir='ltr'><strong>antistitem</strong></span> <span class='ocrx_word' id='word_1_143' title='bbox 1367 1050 1373 1055; x_wconf 94' lang='lat'><strong>.</strong></span> <span class='ocrx_word' id='word_1_144' title='bbox 1418 1037 1470 1064; x_wconf 76' lang='lat'><strong>294</strong></span> 
     </span>
    </p>
   </div>
   <div class='ocr_carea' id='block_1_7' title="bbox 145 1078 1378 1193">
    <p class='ocr_par' dir='ltr' id='par_1_8' title="bbox 145 1078 1378 1193">
     <span class='ocr_line' id='line_1_18' title="bbox 145 1078 1378 1113; baseline 0 -8"><span class='ocrx_word' id='word_1_145' title='bbox 145 1079 202 1106; x_wconf 87' lang='lat' dir='ltr'><strong>1X.</strong></span> <span class='ocrx_word' id='word_1_146' title='bbox 226 1078 270 1105; x_wconf 91' lang='lat' dir='ltr'><strong>Ut</strong></span> <span class='ocrx_word' id='word_1_147' title='bbox 281 1078 442 1113; x_wconf 86' lang='lat' dir='ltr'><strong>Ecgberct</strong></span> <span class='ocrx_word' id='word_1_148' title='bbox 453 1078 508 1105; x_wconf 90' lang='lat' dir='ltr'><strong>uir</strong></span> <span class='ocrx_word' id='word_1_149' title='bbox 519 1080 653 1106; x_wconf 88' lang='lat' dir='ltr'><strong>sanctus</strong></span> <span class='ocrx_word' id='word_1_150' title='bbox 665 1079 705 1105; x_wconf 83' lang='lat' dir='ltr'><strong>ad</strong></span> <span class='ocrx_word' id='word_1_151' title='bbox 718 1078 977 1113; x_wconf 85' lang='lat' dir='ltr'><strong>praedicandum</strong></span> <span class='ocrx_word' id='word_1_152' title='bbox 990 1078 1025 1105; x_wconf 89' lang='lat' dir='ltr'><strong>in</strong></span> <span class='ocrx_word' id='word_1_153' title='bbox 1037 1078 1252 1106; x_wconf 81' lang='lat' dir='ltr'><strong>Germaniam</strong></span> <span class='ocrx_word' id='word_1_154' title='bbox 1264 1079 1378 1106; x_wconf 87' lang='lat' dir='ltr'><strong>uenire</strong></span> 
     </span>
     <span class='ocr_line' id='line_1_19' title="bbox 260 1117 1377 1153; baseline 0.001 -9"><span class='ocrx_word' id='word_1_155' title='bbox 260 1117 412 1152; x_wconf 85' lang='lat' dir='ltr'><strong>uoluerit,</strong></span> <span class='ocrx_word' id='word_1_156' title='bbox 438 1126 500 1145; x_wconf 86' lang='lat' dir='ltr'><strong>nec</strong></span> <span class='ocrx_word' id='word_1_157' title='bbox 523 1118 686 1152; x_wconf 89' lang='lat' dir='ltr'><strong>ualuerit;</strong></span> <span class='ocrx_word' id='word_1_158' title='bbox 715 1127 811 1152; x_wconf 87' lang='lat' dir='ltr'><strong>porro</strong></span> <span class='ocrx_word' id='word_1_159' title='bbox 836 1118 1004 1145; x_wconf 85' lang='lat' dir='ltr'><strong>Uictberct</strong></span> <span class='ocrx_word' id='word_1_160' title='bbox 1031 1117 1206 1145; x_wconf 84' lang='lat' dir='ltr'><strong>aduenerit</strong></span> <span class='ocrx_word' id='word_1_161' title='bbox 1234 1118 1377 1153; x_wconf 81' lang='lat' dir='ltr'><strong>quidem,</strong></span> 
     </span>
     <span class='ocr_line' id='line_1_20' title="bbox 261 1156 1377 1193; baseline 0.001 -10"><span class='ocrx_word' id='word_1_162' title='bbox 261 1157 317 1184; x_wconf 84' lang='lat' dir='ltr'><strong>sed</strong></span> <span class='ocrx_word' id='word_1_163' title='bbox 332 1157 411 1191; x_wconf 86' lang='lat' dir='ltr'><strong>quia</strong></span> <span class='ocrx_word' id='word_1_164' title='bbox 431 1165 491 1184; x_wconf 90' lang='lat' dir='ltr'><strong>nec</strong></span> <span class='ocrx_word' id='word_1_165' title='bbox 512 1156 580 1190; x_wconf 90' lang='lat' dir='ltr'><strong>ipse</strong></span> <span class='ocrx_word' id='word_1_166' title='bbox 601 1157 728 1192; x_wconf 81' lang='lat' dir='ltr'><strong>aliquid</strong></span> <span class='ocrx_word' id='word_1_167' title='bbox 744 1157 941 1192; x_wconf 84' lang='lat' dir='ltr'><strong>profecisset,</strong></span> <span class='ocrx_word' id='word_1_168' title='bbox 964 1166 1097 1185; x_wconf 87' lang='lat' dir='ltr'><strong>rursum</strong></span> <span class='ocrx_word' id='word_1_169' title='bbox 1116 1157 1151 1184; x_wconf 92' lang='lat' dir='ltr'><strong>in</strong></span> <span class='ocrx_word' id='word_1_170' title='bbox 1173 1157 1377 1193; x_wconf 79' lang='lat' dir='ltr'><strong>Hiberniam,</strong></span> 
     </span>
    </p>
   </div>
   <div class='ocr_carea' id='block_1_8' title="bbox 146 1196 1472 1411">
    <p class='ocr_par' dir='ltr' id='par_1_9' title="bbox 146 1196 1472 1281">
     <span class='ocr_line' id='line_1_21' title="bbox 261 1196 1472 1233; baseline 0.001 -10"><span class='ocrx_word' id='word_1_171' title='bbox 261 1197 350 1223; x_wconf 90' lang='lat' dir='ltr'><strong>unde</strong></span> <span class='ocrx_word' id='word_1_172' title='bbox 364 1198 510 1231; x_wconf 86' lang='lat' dir='ltr'><strong>uenerat,</strong></span> <span class='ocrx_word' id='word_1_173' title='bbox 527 1196 662 1223; x_wconf 84' lang='lat' dir='ltr'><strong>redierit</strong></span> <span class='ocrx_word' id='word_1_174' title='bbox 731 1218 738 1224; x_wconf 95' lang='lat'><strong>.</strong></span> <span class='ocrx_word' id='word_1_175' title='bbox 821 1218 828 1224; x_wconf 90' lang='lat'><strong>.</strong></span> <span class='ocrx_word' id='word_1_176' title='bbox 912 1219 919 1224; x_wconf 92' lang='lat'><strong>.</strong></span> <span class='ocrx_word' id='word_1_177' title='bbox 1004 1218 1011 1224; x_wconf 93' lang='lat'><strong>.</strong></span> <span class='ocrx_word' id='word_1_178' title='bbox 1094 1218 1100 1224; x_wconf 94' lang='lat'><strong>.</strong></span> <span class='ocrx_word' id='word_1_179' title='bbox 1185 1218 1192 1224; x_wconf 90' lang='lat'><strong>.</strong></span> <span class='ocrx_word' id='word_1_180' title='bbox 1277 1218 1283 1224; x_wconf 89' lang='lat'><strong>.</strong></span> <span class='ocrx_word' id='word_1_181' title='bbox 1367 1219 1373 1224; x_wconf 94' lang='lat'><strong>.</strong></span> <span class='ocrx_word' id='word_1_182' title='bbox 1418 1199 1472 1233; x_wconf 85' lang='lat'><strong>296</strong></span> 
     </span>
     <span class='ocr_line' id='line_1_22' title="bbox 146 1246 1380 1281; baseline 0.001 -8"><span class='ocrx_word' id='word_1_183' title='bbox 146 1248 184 1274; x_wconf 86' lang='lat' dir='ltr'><strong>X.</strong></span> <span class='ocrx_word' id='word_1_184' title='bbox 208 1247 252 1274; x_wconf 92' lang='lat' dir='ltr'><strong>Ut</strong></span> <span class='ocrx_word' id='word_1_185' title='bbox 267 1246 420 1274; x_wconf 86' lang='lat' dir='ltr'><strong>Uilbrord</strong></span> <span class='ocrx_word' id='word_1_186' title='bbox 443 1246 479 1273; x_wconf 90' lang='lat' dir='ltr'><strong>in</strong></span> <span class='ocrx_word' id='word_1_187' title='bbox 501 1246 611 1274; x_wconf 84' lang='lat' dir='ltr'><strong>Fresia</strong></span> <span class='ocrx_word' id='word_1_188' title='bbox 632 1246 826 1281; x_wconf 85' lang='lat' dir='ltr'><strong>praedicans</strong></span> <span class='ocrx_word' id='word_1_189' title='bbox 848 1247 971 1275; x_wconf 82' lang='lat' dir='ltr'><strong>multos</strong></span> <span class='ocrx_word' id='word_1_190' title='bbox 992 1248 1034 1274; x_wconf 82' lang='lat' dir='ltr'><strong>ad.</strong></span> <span class='ocrx_word' id='word_1_191' title='bbox 1054 1247 1223 1275; x_wconf 86' lang='lat' dir='ltr'><strong>Christum</strong></span> <span class='ocrx_word' id='word_1_192' title='bbox 1246 1256 1380 1274; x_wconf 89' lang='lat' dir='ltr'><strong>conuer-</strong></span> 
     </span>
    </p>

    <p class='ocr_par' dir='ltr' id='par_1_10' title="bbox 146 1285 1472 1372">
     <span class='ocr_line' id='line_1_23' title="bbox 261 1285 1472 1321; baseline 0.001 -8"><span class='ocrx_word' id='word_1_193' title='bbox 261 1285 356 1320; x_wconf 88' lang='lat' dir='ltr'><strong>terit;</strong></span> <span class='ocrx_word' id='word_1_194' title='bbox 378 1288 411 1314; x_wconf 86' lang='lat' dir='ltr'><strong>et</strong></span> <span class='ocrx_word' id='word_1_195' title='bbox 424 1288 462 1313; x_wconf 89' lang='lat' dir='ltr'><strong>ut</strong></span> <span class='ocrx_word' id='word_1_196' title='bbox 476 1286 554 1313; x_wconf 86' lang='lat' dir='ltr'><strong>socii</strong></span> <span class='ocrx_word' id='word_1_197' title='bbox 568 1286 637 1314; x_wconf 88' lang='lat' dir='ltr'><strong>eius</strong></span> <span class='ocrx_word' id='word_1_198' title='bbox 652 1286 818 1314; x_wconf 86' lang='lat' dir='ltr'><strong>Heuualdi</strong></span> <span class='ocrx_word' id='word_1_199' title='bbox 832 1287 901 1314; x_wconf 89' lang='lat' dir='ltr'><strong>sint</strong></span> <span class='ocrx_word' id='word_1_200' title='bbox 914 1286 1113 1320; x_wconf 87' lang='lat' dir='ltr'><strong>martyrium</strong></span> <span class='ocrx_word' id='word_1_201' title='bbox 1127 1286 1214 1321; x_wconf 83' lang='lat' dir='ltr'><strong>passi</strong></span> <span class='ocrx_word' id='word_1_202' title='bbox 1279 1308 1286 1314; x_wconf 94' lang='lat'><strong>.</strong></span> <span class='ocrx_word' id='word_1_203' title='bbox 1369 1308 1376 1314; x_wconf 93' lang='lat'><strong>.</strong></span> <span class='ocrx_word' id='word_1_204' title='bbox 1421 1289 1472 1321; x_wconf 85' lang='lat'><strong>298</strong></span> 
     </span>
     <span class='ocr_line' id='line_1_24' title="bbox 146 1336 1379 1372; baseline 0 -8"><span class='ocrx_word' id='word_1_205' title='bbox 146 1337 202 1364; x_wconf 90' lang='lat' dir='ltr'><strong>XI.</strong></span> <span class='ocrx_word' id='word_1_206' title='bbox 226 1337 271 1364; x_wconf 86' lang='lat' dir='ltr'><strong>Ut</strong></span> <span class='ocrx_word' id='word_1_207' title='bbox 284 1336 350 1364; x_wconf 85' lang='lat' dir='ltr'><strong>uiri</strong></span> <span class='ocrx_word' id='word_1_208' title='bbox 361 1336 564 1364; x_wconf 84' lang='lat' dir='ltr'><strong>uenerabiles</strong></span> <span class='ocrx_word' id='word_1_209' title='bbox 577 1337 750 1364; x_wconf 84' lang='lat' dir='ltr'><strong>Suidberct</strong></span> <span class='ocrx_word' id='word_1_210' title='bbox 762 1337 798 1364; x_wconf 88' lang='lat' dir='ltr'><strong>in</strong></span> <span class='ocrx_word' id='word_1_211' title='bbox 811 1337 996 1372; x_wconf 83' lang='lat' dir='ltr'><strong>Brittaniis,</strong></span> <span class='ocrx_word' id='word_1_212' title='bbox 1010 1337 1164 1364; x_wconf 84' lang='lat' dir='ltr'><strong>Uilbrord</strong></span> <span class='ocrx_word' id='word_1_213' title='bbox 1176 1337 1298 1365; x_wconf 68' lang='lat' dir='ltr'><strong>Romae</strong></span> <span class='ocrx_word' id='word_1_214' title='bbox 1311 1337 1379 1365; x_wconf 86' lang='lat' dir='ltr'><strong>sint</strong></span> 
     </span>
    </p>

    <p class='ocr_par' dir='ltr' id='par_1_11' title="bbox 262 1376 1468 1411">
     <span class='ocr_line' id='line_1_25' title="bbox 262 1376 1468 1411; baseline 0.001 -8"><span class='ocrx_word' id='word_1_215' title='bbox 262 1376 297 1403; x_wconf 86' lang='lat' dir='ltr'><strong>in</strong></span> <span class='ocrx_word' id='word_1_216' title='bbox 312 1376 458 1403; x_wconf 85' lang='lat' dir='ltr'><strong>Fresiam</strong></span> <span class='ocrx_word' id='word_1_217' title='bbox 473 1376 619 1403; x_wconf 83' lang='lat' dir='ltr'><strong>ordinati</strong></span> <span class='ocrx_word' id='word_1_218' title='bbox 633 1376 773 1411; x_wconf 80' lang='lat' dir='ltr'><strong>episcopi</strong></span> <span class='ocrx_word' id='word_1_219' title='bbox 828 1398 834 1404; x_wconf 92' lang='lat'><strong>.</strong></span> <span class='ocrx_word' id='word_1_220' title='bbox 918 1398 924 1404; x_wconf 95' lang='lat'><strong>.</strong></span> <span class='ocrx_word' id='word_1_221' title='bbox 1008 1398 1014 1404; x_wconf 87' lang='lat'><strong>.</strong></span> <span class='ocrx_word' id='word_1_222' title='bbox 1099 1398 1105 1404; x_wconf 85' lang='lat'><strong>.</strong></span> <span class='ocrx_word' id='word_1_223' title='bbox 1188 1398 1195 1404; x_wconf 92' lang='lat'><strong>.</strong></span> <span class='ocrx_word' id='word_1_224' title='bbox 1279 1398 1285 1404; x_wconf 89' lang='lat'><strong>.</strong></span> <span class='ocrx_word' id='word_1_225' title='bbox 1369 1398 1376 1404; x_wconf 90' lang='lat'><strong>.</strong></span> <span class='ocrx_word' id='word_1_226' title='bbox 1421 1387 1468 1410; x_wconf 72' lang='lat'><strong>301</strong></span> 
     </span>
    </p>
   </div>
   <div class='ocr_carea' id='block_1_9' title="bbox 146 1426 1470 1539">
    <p class='ocr_par' dir='ltr' id='par_1_12' title="bbox 146 1426 1470 1539">
     <span class='ocr_line' id='line_1_26' title="bbox 146 1426 1380 1461; baseline 0 -7"><span class='ocrx_word' id='word_1_227' title='bbox 146 1427 221 1454; x_wconf 86' lang='lat' dir='ltr'>XII.</span> <span class='ocrx_word' id='word_1_228' title='bbox 244 1427 291 1454; x_wconf 86' lang='lat' dir='ltr'><strong>Ut</strong></span> <span class='ocrx_word' id='word_1_229' title='bbox 318 1426 452 1461; x_wconf 86' lang='lat' dir='ltr'><strong>quidam</strong></span> <span class='ocrx_word' id='word_1_230' title='bbox 479 1426 515 1453; x_wconf 88' lang='lat' dir='ltr'><strong>in</strong></span> <span class='ocrx_word' id='word_1_231' title='bbox 542 1426 715 1461; x_wconf 85' lang='lat' dir='ltr'><strong>prouincia</strong></span> <span class='ocrx_word' id='word_1_232' title='bbox 739 1427 1091 1461; x_wconf 84' lang='lat' dir='ltr'><strong>Nordanhymbrorum</strong></span> <span class='ocrx_word' id='word_1_233' title='bbox 1119 1435 1139 1454; x_wconf 83' lang='lat' dir='ltr'><strong>a</strong></span> <span class='ocrx_word' id='word_1_234' title='bbox 1166 1427 1305 1454; x_wconf 82' lang='lat' dir='ltr'><strong>mortuis</strong></span> <span class='ocrx_word' id='word_1_235' title='bbox 1332 1435 1380 1454; x_wconf 89' lang='lat' dir='ltr'><strong>re-</strong></span> 
     </span>
     <span class='ocr_line' id='line_1_27' title="bbox 262 1466 1378 1501; baseline -0.001 -7"><span class='ocrx_word' id='word_1_236' title='bbox 262 1474 398 1501; x_wconf 88' lang='lat' dir='ltr'><strong>surgens</strong></span> <span class='ocrx_word' id='word_1_237' title='bbox 424 1466 533 1493; x_wconf 85' lang='lat' dir='ltr'><strong>multa</strong></span> <span class='ocrx_word' id='word_1_238' title='bbox 559 1468 592 1493; x_wconf 88' lang='lat' dir='ltr'><strong>et</strong></span> <span class='ocrx_word' id='word_1_239' title='bbox 615 1467 790 1494; x_wconf 86' lang='lat' dir='ltr'><strong>tremenda</strong></span> <span class='ocrx_word' id='word_1_240' title='bbox 817 1470 849 1494; x_wconf 90' lang='lat' dir='ltr'><strong>et</strong></span> <span class='ocrx_word' id='word_1_241' title='bbox 877 1467 1102 1500; x_wconf 72' lang='lat' dir='ltr'><strong>desideranda,</strong></span> <span class='ocrx_word' id='word_1_242' title='bbox 1128 1475 1210 1501; x_wconf 86' lang='lat' dir='ltr'><strong>quae</strong></span> <span class='ocrx_word' id='word_1_243' title='bbox 1238 1466 1378 1501; x_wconf 80' lang='lat' dir='ltr'><strong>uiderat,</strong></span> 
     </span>
     <span class='ocr_line' id='line_1_28' title="bbox 261 1505 1470 1539; baseline 0.001 -7"><span class='ocrx_word' id='word_1_244' title='bbox 261 1505 449 1533; x_wconf 82' lang='lat' dir='ltr'><strong>narrauerit</strong></span> <span class='ocrx_word' id='word_1_245' title='bbox 555 1526 562 1533; x_wconf 86' lang='lat'><strong>.</strong></span> <span class='ocrx_word' id='word_1_246' title='bbox 646 1527 653 1533; x_wconf 89' lang='lat'><strong>.</strong></span> <span class='ocrx_word' id='word_1_247' title='bbox 738 1527 744 1533; x_wconf 95' lang='lat'><strong>.</strong></span> <span class='ocrx_word' id='word_1_248' title='bbox 827 1528 833 1534; x_wconf 94' lang='lat'><strong>.</strong></span> <span class='ocrx_word' id='word_1_249' title='bbox 917 1527 923 1534; x_wconf 88' lang='lat'><strong>.</strong></span> <span class='ocrx_word' id='word_1_250' title='bbox 1007 1528 1013 1533; x_wconf 90' lang='lat'><strong>.</strong></span> <span class='ocrx_word' id='word_1_251' title='bbox 1098 1527 1104 1533; x_wconf 94' lang='lat'><strong>.</strong></span> <span class='ocrx_word' id='word_1_252' title='bbox 1189 1528 1195 1533; x_wconf 94' lang='lat'><strong>.</strong></span> <span class='ocrx_word' id='word_1_253' title='bbox 1280 1528 1286 1533; x_wconf 90' lang='lat'><strong>.</strong></span> <span class='ocrx_word' id='word_1_254' title='bbox 1370 1528 1376 1533; x_wconf 91' lang='lat'><strong>.</strong></span> <span class='ocrx_word' id='word_1_255' title='bbox 1420 1516 1470 1539; x_wconf 73' lang='lat'><strong>303</strong></span> 
     </span>
    </p>
   </div>
   <div class='ocr_carea' id='block_1_10' title="bbox 146 1556 1469 1630">
    <p class='ocr_par' dir='ltr' id='par_1_13' title="bbox 146 1556 1469 1630">
     <span class='ocr_line' id='line_1_29' title="bbox 146 1556 1381 1584; baseline -0.001 0"><span class='ocrx_word' id='word_1_256' title='bbox 146 1556 239 1584; x_wconf 85' lang='lat' dir='ltr'>XIII.</span> <span class='ocrx_word' id='word_1_257' title='bbox 263 1556 308 1584; x_wconf 88' lang='lat' dir='ltr'><strong>Ut</strong></span> <span class='ocrx_word' id='word_1_258' title='bbox 323 1558 457 1584; x_wconf 85' lang='lat' dir='ltr'><strong>econtra</strong></span> <span class='ocrx_word' id='word_1_259' title='bbox 471 1556 555 1584; x_wconf 85' lang='lat' dir='ltr'><strong>alter</strong></span> <span class='ocrx_word' id='word_1_260' title='bbox 568 1557 610 1583; x_wconf 89' lang='lat' dir='ltr'><strong>ad</strong></span> <span class='ocrx_word' id='word_1_261' title='bbox 630 1558 771 1583; x_wconf 88' lang='lat' dir='ltr'><strong>mortem</strong></span> <span class='ocrx_word' id='word_1_262' title='bbox 786 1556 923 1584; x_wconf 89' lang='lat' dir='ltr'><strong>ueniens</strong></span> <span class='ocrx_word' id='word_1_263' title='bbox 938 1556 1086 1584; x_wconf 83' lang='lat' dir='ltr'><strong>oblatum</strong></span> <span class='ocrx_word' id='word_1_264' title='bbox 1106 1556 1165 1583; x_wconf 88' lang='lat' dir='ltr'><strong>sibi</strong></span> <span class='ocrx_word' id='word_1_265' title='bbox 1181 1565 1200 1583; x_wconf 91' lang='lat' dir='ltr'><strong>a</strong></span> <span class='ocrx_word' id='word_1_266' title='bbox 1216 1556 1381 1584; x_wconf 86' lang='lat' dir='ltr'><strong>daemoni-</strong></span> 
     </span>
     <span class='ocr_line' id='line_1_30' title="bbox 262 1595 1469 1630; baseline -0.001 -7"><span class='ocrx_word' id='word_1_267' title='bbox 262 1596 322 1623; x_wconf 85' lang='lat' dir='ltr'><strong>bus</strong></span> <span class='ocrx_word' id='word_1_268' title='bbox 336 1595 482 1623; x_wconf 86' lang='lat' dir='ltr'><strong>codicem</strong></span> <span class='ocrx_word' id='word_1_269' title='bbox 498 1604 631 1623; x_wconf 89' lang='lat' dir='ltr'><strong>suorum</strong></span> <span class='ocrx_word' id='word_1_270' title='bbox 646 1596 768 1624; x_wconf 85' lang='lat' dir='ltr'><strong>uiderit</strong></span> <span class='ocrx_word' id='word_1_271' title='bbox 781 1598 990 1630; x_wconf 87' lang='lat' dir='ltr'><strong>peccatorum</strong></span> <span class='ocrx_word' id='word_1_272' title='bbox 1012 1618 1018 1623; x_wconf 94' lang='lat'><strong>.</strong></span> <span class='ocrx_word' id='word_1_273' title='bbox 1103 1618 1109 1623; x_wconf 92' lang='lat'><strong>.</strong></span> <span class='ocrx_word' id='word_1_274' title='bbox 1193 1618 1199 1623; x_wconf 88' lang='lat'><strong>.</strong></span> <span class='ocrx_word' id='word_1_275' title='bbox 1283 1618 1289 1623; x_wconf 94' lang='lat'><strong>.</strong></span> <span class='ocrx_word' id='word_1_276' title='bbox 1374 1617 1381 1623; x_wconf 94' lang='lat'><strong>.</strong></span> <span class='ocrx_word' id='word_1_277' title='bbox 1424 1606 1469 1630; x_wconf 80' lang='lat'><strong>31¹</strong></span> 
     </span>
    </p>
   </div>
   <div class='ocr_carea' id='block_1_11' title="bbox 146 1646 1472 1720">
    <p class='ocr_par' dir='ltr' id='par_1_14' title="bbox 146 1646 1472 1720">
     <span class='ocr_line' id='line_1_31' title="bbox 146 1646 1379 1681; baseline 0.001 -8"><span class='ocrx_word' id='word_1_278' title='bbox 146 1646 232 1674; x_wconf 86' lang='lat' dir='ltr'>XIV.</span> <span class='ocrx_word' id='word_1_279' title='bbox 255 1647 301 1674; x_wconf 87' lang='lat' dir='ltr'><strong>Ut</strong></span> <span class='ocrx_word' id='word_1_280' title='bbox 314 1646 394 1674; x_wconf 88' lang='lat' dir='ltr'><strong>item</strong></span> <span class='ocrx_word' id='word_1_281' title='bbox 408 1647 492 1674; x_wconf 86' lang='lat' dir='ltr'><strong>alius</strong></span> <span class='ocrx_word' id='word_1_282' title='bbox 512 1647 694 1674; x_wconf 86' lang='lat' dir='ltr'><strong>moriturus</strong></span> <span class='ocrx_word' id='word_1_283' title='bbox 713 1648 910 1681; x_wconf 86' lang='lat' dir='ltr'><strong>deputatum</strong></span> <span class='ocrx_word' id='word_1_284' title='bbox 930 1647 992 1674; x_wconf 84' lang='lat' dir='ltr'><strong>sibi</strong></span> <span class='ocrx_word' id='word_1_285' title='bbox 1014 1647 1101 1681; x_wconf 85' lang='lat' dir='ltr'><strong>apud</strong></span> <span class='ocrx_word' id='word_1_286' title='bbox 1125 1646 1248 1675; x_wconf 85' lang='lat' dir='ltr'><strong>inferos</strong></span> <span class='ocrx_word' id='word_1_287' title='bbox 1269 1647 1379 1674; x_wconf 88' lang='lat' dir='ltr'><strong>locum</strong></span> 
     </span>
     <span class='ocr_line' id='line_1_32' title="bbox 261 1686 1472 1720; baseline 0 -7"><span class='ocrx_word' id='word_1_288' title='bbox 261 1695 443 1720; x_wconf 86' lang='lat' dir='ltr'><strong>poenarum</strong></span> <span class='ocrx_word' id='word_1_289' title='bbox 458 1686 580 1714; x_wconf 83' lang='lat' dir='ltr'><strong>uiderit</strong></span> <span class='ocrx_word' id='word_1_290' title='bbox 640 1708 646 1714; x_wconf 92' lang='lat'><strong>.</strong></span> <span class='ocrx_word' id='word_1_291' title='bbox 731 1708 737 1714; x_wconf 89' lang='lat'><strong>.</strong></span> <span class='ocrx_word' id='word_1_292' title='bbox 820 1708 827 1714; x_wconf 90' lang='lat'><strong>.</strong></span> <span class='ocrx_word' id='word_1_293' title='bbox 912 1708 918 1714; x_wconf 86' lang='lat'><strong>.</strong></span> <span class='ocrx_word' id='word_1_294' title='bbox 1002 1708 1008 1714; x_wconf 87' lang='lat'><strong>.</strong></span> <span class='ocrx_word' id='word_1_295' title='bbox 1093 1708 1099 1714; x_wconf 89' lang='lat'><strong>.</strong></span> <span class='ocrx_word' id='word_1_296' title='bbox 1183 1708 1190 1714; x_wconf 87' lang='lat'><strong>.</strong></span> <span class='ocrx_word' id='word_1_297' title='bbox 1284 1708 1290 1713; x_wconf 93' lang='lat'><strong>.</strong></span> <span class='ocrx_word' id='word_1_298' title='bbox 1374 1708 1381 1714; x_wconf 92' lang='lat'><strong>.</strong></span> <span class='ocrx_word' id='word_1_299' title='bbox 1424 1696 1472 1720; x_wconf 74' lang='lat'><strong>313</strong></span> 
     </span>
    </p>
   </div>
   <div class='ocr_carea' id='block_1_12' title="bbox 146 1736 1473 1850">
    <p class='ocr_par' dir='ltr' id='par_1_15' title="bbox 146 1736 1473 1850">
     <span class='ocr_line' id='line_1_33' title="bbox 146 1736 1382 1771; baseline 0 -7"><span class='ocrx_word' id='word_1_300' title='bbox 146 1737 212 1764; x_wconf 91' lang='lat' dir='ltr'><strong>XV.</strong></span> <span class='ocrx_word' id='word_1_301' title='bbox 236 1737 281 1764; x_wconf 85' lang='lat' dir='ltr'><strong>Ut</strong></span> <span class='ocrx_word' id='word_1_302' title='bbox 301 1736 462 1771; x_wconf 82' lang='lat' dir='ltr'><strong>plurimae</strong></span> <span class='ocrx_word' id='word_1_303' title='bbox 484 1737 671 1764; x_wconf 84' lang='lat' dir='ltr'><strong>Scottorum</strong></span> <span class='ocrx_word' id='word_1_304' title='bbox 693 1737 855 1771; x_wconf 73' lang='lat' dir='ltr'><strong>ecelesiae,</strong></span> <span class='ocrx_word' id='word_1_305' title='bbox 876 1737 1025 1765; x_wconf 86' lang='lat' dir='ltr'><strong>instante</strong></span> <span class='ocrx_word' id='word_1_306' title='bbox 1045 1736 1251 1771; x_wconf 79' lang='lat' dir='ltr'><strong>Adamnano⁷</strong></span> <span class='ocrx_word' id='word_1_307' title='bbox 1272 1737 1382 1764; x_wconf 88' lang='lat' dir='ltr'><strong>catho-</strong></span> 
     </span>
     <span class='ocr_line' id='line_1_34' title="bbox 261 1776 1381 1821; baseline 0.001 -18"><span class='ocrx_word' id='word_1_308' title='bbox 261 1776 364 1821; x_wconf 80' lang='lat' dir='ltr'><strong>licum</strong></span> <span class='ocrx_word' id='word_1_309' title='bbox 377 1776 499 1820; x_wconf 77' lang='lat' dir='ltr'><strong>pascha</strong></span> <span class='ocrx_word' id='word_1_310' title='bbox 514 1776 734 1811; x_wconf 80' lang='lat' dir='ltr'><strong>susceperint;</strong></span> <span class='ocrx_word' id='word_1_311' title='bbox 756 1780 858 1811; x_wconf 84' lang='lat' dir='ltr'><strong>utque</strong></span> <span class='ocrx_word' id='word_1_312' title='bbox 869 1776 957 1803; x_wconf 90' lang='lat' dir='ltr'><strong>idem</strong></span> <span class='ocrx_word' id='word_1_313' title='bbox 972 1776 1095 1804; x_wconf 81' lang='lat' dir='ltr'><strong>librum</strong></span> <span class='ocrx_word' id='word_1_314' title='bbox 1110 1777 1149 1804; x_wconf 87' lang='lat' dir='ltr'><strong>de</strong></span> <span class='ocrx_word' id='word_1_315' title='bbox 1164 1777 1243 1804; x_wconf 86' lang='lat' dir='ltr'><strong>locis</strong></span> <span class='ocrx_word' id='word_1_316' title='bbox 1258 1776 1381 1804; x_wconf 86' lang='lat' dir='ltr'><strong>sanctis</strong></span> 
     </span>
     <span class='ocr_line' id='line_1_35' title="bbox 261 1820 1473 1850; baseline -0.001 -7"><span class='ocrx_word' id='word_1_317' title='bbox 261 1820 429 1850; x_wconf 81' lang='lat' dir='ltr'><strong>scripserit</strong></span> <span class='ocrx_word' id='word_1_318' title='bbox 468 1837 474 1843; x_wconf 86' lang='lat'><strong>.</strong></span> <span class='ocrx_word' id='word_1_319' title='bbox 558 1838 564 1844; x_wconf 88' lang='lat'><strong>.</strong></span> <span class='ocrx_word' id='word_1_320' title='bbox 649 1837 655 1843; x_wconf 95' lang='lat'><strong>.</strong></span> <span class='ocrx_word' id='word_1_321' title='bbox 740 1837 746 1843; x_wconf 98' lang='lat'><strong>.</strong></span> <span class='ocrx_word' id='word_1_322' title='bbox 831 1837 837 1843; x_wconf 93' lang='lat'><strong>.</strong></span> <span class='ocrx_word' id='word_1_323' title='bbox 922 1837 928 1843; x_wconf 93' lang='lat'><strong>.</strong></span> <span class='ocrx_word' id='word_1_324' title='bbox 1012 1837 1018 1843; x_wconf 90' lang='lat'><strong>.</strong></span> <span class='ocrx_word' id='word_1_325' title='bbox 1103 1838 1109 1843; x_wconf 96' lang='lat'><strong>.</strong></span> <span class='ocrx_word' id='word_1_326' title='bbox 1193 1837 1199 1843; x_wconf 95' lang='lat'><strong>.</strong></span> <span class='ocrx_word' id='word_1_327' title='bbox 1284 1837 1290 1843; x_wconf 88' lang='lat'><strong>.</strong></span> <span class='ocrx_word' id='word_1_328' title='bbox 1375 1837 1381 1843; x_wconf 91' lang='lat'><strong>.</strong></span> <span class='ocrx_word' id='word_1_329' title='bbox 1425 1824 1473 1849; x_wconf 78' lang='lat'><strong>315</strong></span> 
     </span>
    </p>
   </div>
   <div class='ocr_carea' id='block_1_13' title="bbox 146 1865 1379 1901">
    <p class='ocr_par' dir='ltr' id='par_1_16' title="bbox 146 1865 1379 1901">
     <span class='ocr_line' id='line_1_36' title="bbox 146 1865 1379 1901; baseline 0 -8"><span class='ocrx_word' id='word_1_330' title='bbox 146 1866 232 1894; x_wconf 86' lang='lat' dir='ltr'>XVI.</span> <span class='ocrx_word' id='word_1_331' title='bbox 256 1865 345 1898; x_wconf 83' lang='lat' dir='ltr'><strong>Quae</strong></span> <span class='ocrx_word' id='word_1_332' title='bbox 359 1866 395 1893; x_wconf 90' lang='lat' dir='ltr'><strong>in</strong></span> <span class='ocrx_word' id='word_1_333' title='bbox 410 1867 522 1893; x_wconf 84' lang='lat' dir='ltr'><strong>eodem</strong></span> <span class='ocrx_word' id='word_1_334' title='bbox 536 1866 620 1893; x_wconf 88' lang='lat' dir='ltr'><strong>libro</strong></span> <span class='ocrx_word' id='word_1_335' title='bbox 640 1866 678 1893; x_wconf 87' lang='lat' dir='ltr'><strong>de</strong></span> <span class='ocrx_word' id='word_1_336' title='bbox 700 1866 771 1893; x_wconf 90' lang='lat' dir='ltr'><strong>loco</strong></span> <span class='ocrx_word' id='word_1_337' title='bbox 791 1866 975 1894; x_wconf 83' lang='lat' dir='ltr'><strong>dominicae</strong></span> <span class='ocrx_word' id='word_1_338' title='bbox 997 1866 1195 1901; x_wconf 86' lang='lat' dir='ltr'><strong>natiuitatis,</strong></span> <span class='ocrx_word' id='word_1_339' title='bbox 1211 1865 1379 1901; x_wconf 86' lang='lat' dir='ltr'><strong>passionis,</strong></span> 
     </span>
    </p>
   </div>
   <div class='ocr_carea' id='block_1_14' title="bbox 146 1905 1473 2030">
    <p class='ocr_par' dir='ltr' id='par_1_17' title="bbox 146 1905 1473 2030">
     <span class='ocr_line' id='line_1_37' title="bbox 262 1905 1473 1940; baseline -0.001 -8"><span class='ocrx_word' id='word_1_340' title='bbox 262 1908 295 1932; x_wconf 85' lang='lat' dir='ltr'><strong>et</strong></span> <span class='ocrx_word' id='word_1_341' title='bbox 308 1905 558 1933; x_wconf 87' lang='lat' dir='ltr'><strong>resurrectionis</strong></span> <span class='ocrx_word' id='word_1_342' title='bbox 573 1906 881 1933; x_wconf 87' lang='lat' dir='ltr'><strong>commemorauerit</strong></span> <span class='ocrx_word' id='word_1_343' title='bbox 917 1928 923 1933; x_wconf 91' lang='lat'><strong>.</strong></span> <span class='ocrx_word' id='word_1_344' title='bbox 1010 1928 1016 1933; x_wconf 94' lang='lat'><strong>.</strong></span> <span class='ocrx_word' id='word_1_345' title='bbox 1101 1928 1107 1933; x_wconf 95' lang='lat'><strong>.</strong></span> <span class='ocrx_word' id='word_1_346' title='bbox 1191 1928 1197 1933; x_wconf 86' lang='lat'><strong>.</strong></span> <span class='ocrx_word' id='word_1_347' title='bbox 1282 1927 1288 1932; x_wconf 92' lang='lat'><strong>.</strong></span> <span class='ocrx_word' id='word_1_348' title='bbox 1373 1927 1379 1933; x_wconf 90' lang='lat'><strong>.</strong></span> <span class='ocrx_word' id='word_1_349' title='bbox 1423 1914 1473 1940; x_wconf 81' lang='lat'><strong>3¹7</strong></span> 
     </span>
     <span class='ocr_line' id='line_1_38' title="bbox 146 1955 1381 1991; baseline 0 -8"><span class='ocrx_word' id='word_1_350' title='bbox 146 1955 250 1983; x_wconf 91' lang='lat' dir='ltr'>XVII.</span> <span class='ocrx_word' id='word_1_351' title='bbox 273 1956 361 1989; x_wconf 84' lang='lat' dir='ltr'><strong>Quae</strong></span> <span class='ocrx_word' id='word_1_352' title='bbox 376 1956 457 1984; x_wconf 86' lang='lat' dir='ltr'><strong>item</strong></span> <span class='ocrx_word' id='word_1_353' title='bbox 472 1957 512 1984; x_wconf 86' lang='lat' dir='ltr'><strong>de</strong></span> <span class='ocrx_word' id='word_1_354' title='bbox 526 1956 596 1984; x_wconf 90' lang='lat' dir='ltr'><strong>loco</strong></span> <span class='ocrx_word' id='word_1_355' title='bbox 611 1956 812 1984; x_wconf 82' lang='lat' dir='ltr'><strong>ascensionis</strong></span> <span class='ocrx_word' id='word_1_356' title='bbox 827 1956 1011 1984; x_wconf 87' lang='lat' dir='ltr'><strong>dominicae</strong></span> <span class='ocrx_word' id='word_1_357' title='bbox 1033 1958 1065 1984; x_wconf 84' lang='lat' dir='ltr'><strong>et</strong></span> <span class='ocrx_word' id='word_1_358' title='bbox 1084 1956 1267 1991; x_wconf 84' lang='lat' dir='ltr'><strong>sepulchris</strong></span> <span class='ocrx_word' id='word_1_359' title='bbox 1280 1956 1381 1990; x_wconf 87' lang='lat' dir='ltr'><strong>patri-</strong></span> 
     </span>
     <span class='ocr_line' id='line_1_39' title="bbox 260 1995 1473 2030; baseline 0 -7"><span class='ocrx_word' id='word_1_360' title='bbox 260 1995 439 2023; x_wconf 83' lang='lat' dir='ltr'><strong>archarum</strong></span> <span class='ocrx_word' id='word_1_361' title='bbox 466 2018 473 2023; x_wconf 93' lang='lat'><strong>.</strong></span> <span class='ocrx_word' id='word_1_362' title='bbox 557 2017 563 2024; x_wconf 95' lang='lat'><strong>.</strong></span> <span class='ocrx_word' id='word_1_363' title='bbox 647 2018 654 2024; x_wconf 90' lang='lat'><strong>.</strong></span> <span class='ocrx_word' id='word_1_364' title='bbox 737 2017 744 2024; x_wconf 88' lang='lat'><strong>.</strong></span> <span class='ocrx_word' id='word_1_365' title='bbox 828 2017 835 2023; x_wconf 90' lang='lat'><strong>.</strong></span> <span class='ocrx_word' id='word_1_366' title='bbox 917 2017 924 2023; x_wconf 92' lang='lat'><strong>.</strong></span> <span class='ocrx_word' id='word_1_367' title='bbox 1008 2017 1015 2023; x_wconf 89' lang='lat'><strong>.</strong></span> <span class='ocrx_word' id='word_1_368' title='bbox 1099 2017 1105 2023; x_wconf 89' lang='lat'><strong>.</strong></span> <span class='ocrx_word' id='word_1_369' title='bbox 1189 2017 1196 2023; x_wconf 85' lang='lat'><strong>.</strong></span> <span class='ocrx_word' id='word_1_370' title='bbox 1280 2017 1286 2023; x_wconf 94' lang='lat'><strong>.</strong></span> <span class='ocrx_word' id='word_1_371' title='bbox 1370 2017 1377 2023; x_wconf 92' lang='lat'><strong>.</strong></span> <span class='ocrx_word' id='word_1_372' title='bbox 1421 1998 1473 2030; x_wconf 80' lang='lat'><strong>318</strong></span> 
     </span>
    </p>
   </div>
   <div class='ocr_carea' id='block_1_15' title="bbox 145 2046 1475 2160">
    <p class='ocr_par' dir='ltr' id='par_1_18' title="bbox 145 2046 1475 2160">
     <span class='ocr_line' id='line_1_40' title="bbox 145 2046 1381 2081; baseline 0.001 -8"><span class='ocrx_word' id='word_1_373' title='bbox 145 2046 269 2074; x_wconf 87' lang='lat' dir='ltr'>XVIII.</span> <span class='ocrx_word' id='word_1_374' title='bbox 292 2047 337 2074; x_wconf 91' lang='lat' dir='ltr'><strong>Ut</strong></span> <span class='ocrx_word' id='word_1_375' title='bbox 356 2046 528 2074; x_wconf 87' lang='lat' dir='ltr'><strong>Australes</strong></span> <span class='ocrx_word' id='word_1_376' title='bbox 549 2047 692 2075; x_wconf 81' lang='lat' dir='ltr'><strong>Saxones</strong></span> <span class='ocrx_word' id='word_1_377' title='bbox 714 2046 879 2081; x_wconf 88' lang='lat' dir='ltr'><strong>episcopos</strong></span> <span class='ocrx_word' id='word_1_378' title='bbox 899 2046 1088 2080; x_wconf 85' lang='lat' dir='ltr'><strong>acceperint</strong></span> <span class='ocrx_word' id='word_1_379' title='bbox 1108 2046 1330 2074; x_wconf 88' lang='lat' dir='ltr'><strong>Eadberctum</strong></span> <span class='ocrx_word' id='word_1_380' title='bbox 1349 2049 1381 2074; x_wconf 85' lang='lat' dir='ltr'><strong>et</strong></span> 
     </span>
     <span class='ocr_line' id='line_1_41' title="bbox 261 2085 1382 2121; baseline 0.001 -8"><span class='ocrx_word' id='word_1_381' title='bbox 261 2086 389 2121; x_wconf 75' lang='lat' dir='ltr'><strong>Eallan,</strong></span> <span class='ocrx_word' id='word_1_382' title='bbox 407 2086 632 2114; x_wconf 78' lang='lat' dir='ltr'><strong>Occidentales</strong></span> <span class='ocrx_word' id='word_1_383' title='bbox 647 2087 844 2114; x_wconf 82' lang='lat' dir='ltr'><strong>Danihelem</strong></span> <span class='ocrx_word' id='word_1_384' title='bbox 858 2088 891 2114; x_wconf 85' lang='lat' dir='ltr'><strong>et</strong></span> <span class='ocrx_word' id='word_1_385' title='bbox 901 2086 1116 2113; x_wconf 82' lang='lat' dir='ltr'><strong>Aldhelmum</strong></span> <span class='ocrx_word' id='word_1_386' title='bbox 1129 2096 1135 2120; x_wconf 81' lang='lat'><em>3</em></span> <span class='ocrx_word' id='word_1_387' title='bbox 1158 2088 1190 2113; x_wconf 89' lang='lat' dir='ltr'><strong>et</strong></span> <span class='ocrx_word' id='word_1_388' title='bbox 1202 2086 1241 2113; x_wconf 83' lang='lat' dir='ltr'><strong>de</strong></span> <span class='ocrx_word' id='word_1_389' title='bbox 1250 2085 1382 2120; x_wconf 88' lang='lat' dir='ltr'><strong>scriptis</strong></span> 
     </span>
     <span class='ocr_line' id='line_1_42' title="bbox 261 2125 1475 2160; baseline -0.001 -7"><span class='ocrx_word' id='word_1_390' title='bbox 261 2125 407 2154; x_wconf 85' lang='lat' dir='ltr'><strong>eiusdem</strong></span> <span class='ocrx_word' id='word_1_391' title='bbox 421 2126 591 2154; x_wconf 85' lang='lat' dir='ltr'><strong>Aldhelmi</strong></span> <span class='ocrx_word' id='word_1_392' title='bbox 647 2147 653 2154; x_wconf 93' lang='lat'><strong>.</strong></span> <span class='ocrx_word' id='word_1_393' title='bbox 737 2147 744 2153; x_wconf 94' lang='lat'><strong>.</strong></span> <span class='ocrx_word' id='word_1_394' title='bbox 828 2147 834 2153; x_wconf 92' lang='lat'><strong>.</strong></span> <span class='ocrx_word' id='word_1_395' title='bbox 919 2147 925 2153; x_wconf 97' lang='lat'><strong>.</strong></span> <span class='ocrx_word' id='word_1_396' title='bbox 1009 2147 1016 2153; x_wconf 90' lang='lat'><strong>.</strong></span> <span class='ocrx_word' id='word_1_397' title='bbox 1100 2147 1106 2153; x_wconf 87' lang='lat'><strong>.</strong></span> <span class='ocrx_word' id='word_1_398' title='bbox 1191 2147 1197 2152; x_wconf 91' lang='lat'><strong>.</strong></span> <span class='ocrx_word' id='word_1_399' title='bbox 1282 2147 1288 2152; x_wconf 95' lang='lat'><strong>.</strong></span> <span class='ocrx_word' id='word_1_400' title='bbox 1372 2147 1378 2153; x_wconf 92' lang='lat'><strong>.</strong></span> <span class='ocrx_word' id='word_1_401' title='bbox 1422 2135 1475 2160; x_wconf 83' lang='lat' dir='ltr'><strong>32o</strong></span> 
     </span>
    </p>
   </div>
   <div class='ocr_carea' id='block_1_16' title="bbox 147 2175 1381 2250">
    <p class='ocr_par' dir='ltr' id='par_1_19' title="bbox 147 2175 1381 2244">
     <span class='ocr_line' id='line_1_43' title="bbox 147 2175 1381 2204; baseline 0 -1"><span class='ocrx_word' id='word_1_402' title='bbox 147 2176 234 2203; x_wconf 89' lang='lat' dir='ltr'>XIX.</span> <span class='ocrx_word' id='word_1_403' title='bbox 258 2176 303 2204; x_wconf 87' lang='lat' dir='ltr'><strong>Ut</strong></span> <span class='ocrx_word' id='word_1_404' title='bbox 319 2176 457 2204; x_wconf 83' lang='lat' dir='ltr'><strong>Coinred</strong></span> <span class='ocrx_word' id='word_1_405' title='bbox 473 2176 671 2204; x_wconf 84' lang='lat' dir='ltr'><strong>Merciorum</strong></span> <span class='ocrx_word' id='word_1_406' title='bbox 693 2179 726 2204; x_wconf 86' lang='lat' dir='ltr'><strong>et</strong></span> <span class='ocrx_word' id='word_1_407' title='bbox 746 2176 819 2204; x_wconf 85' lang='lat' dir='ltr'><strong>Offa</strong></span> <span class='ocrx_word' id='word_1_408' title='bbox 834 2175 1056 2203; x_wconf 84' lang='lat' dir='ltr'><strong>Orientalium</strong></span> <span class='ocrx_word' id='word_1_409' title='bbox 1078 2176 1247 2203; x_wconf 83' lang='lat' dir='ltr'><strong>Saxonum</strong></span> <span class='ocrx_word' id='word_1_410' title='bbox 1266 2185 1324 2204; x_wconf 88' lang='lat' dir='ltr'><strong>rex</strong></span> <span class='ocrx_word' id='word_1_411' title='bbox 1344 2176 1381 2203; x_wconf 82' lang='lat' dir='ltr'><strong>in</strong></span> 
     </span>
     <span class='ocr_line' id='line_1_44' title="bbox 260 2215 1380 2250; baseline 0 -8"><span class='ocrx_word' id='word_1_412' title='bbox 260 2216 454 2244; x_wconf 88' lang='lat' dir='ltr'><strong>monachico</strong></span> <span class='ocrx_word' id='word_1_413' title='bbox 468 2217 585 2244; x_wconf 87' lang='lat' dir='ltr'><strong>habitu</strong></span> <span class='ocrx_word' id='word_1_414' title='bbox 600 2217 721 2244; x_wconf 87' lang='lat' dir='ltr'><strong>Romae</strong></span> <span class='ocrx_word' id='word_1_415' title='bbox 736 2216 843 2243; x_wconf 87' lang='lat' dir='ltr'><strong>uitam</strong></span> <span class='ocrx_word' id='word_1_416' title='bbox 858 2215 1024 2250; x_wconf 87' lang='lat' dir='ltr'><strong>finierint;</strong></span> <span class='ocrx_word' id='word_1_417' title='bbox 1048 2217 1079 2242; x_wconf 88' lang='lat' dir='ltr'><strong>et</strong></span> <span class='ocrx_word' id='word_1_418' title='bbox 1091 2216 1130 2242; x_wconf 88' lang='lat' dir='ltr'><strong>de</strong></span> <span class='ocrx_word' id='word_1_419' title='bbox 1141 2215 1213 2243; x_wconf 87' lang='lat' dir='ltr'><strong>uita</strong></span> <span class='ocrx_word' id='word_1_420' title='bbox 1223 2216 1278 2243; x_wconf 91' lang='lat' dir='ltr'><strong>uel</strong></span> <span class='ocrx_word' id='word_1_421' title='bbox 1288 2215 1380 2242; x_wconf 90' lang='lat' dir='ltr'><strong>obitu</strong></span> 
     </span>
    </p>
   </div>
   <div class='ocr_carea' id='block_1_17' title="bbox 146 2255 1474 2379">
    <p class='ocr_par' dir='ltr' id='par_1_20' title="bbox 146 2255 1474 2379">
     <span class='ocr_line' id='line_1_45' title="bbox 261 2255 1470 2290; baseline -0.002 -7"><span class='ocrx_word' id='word_1_422' title='bbox 261 2255 396 2283; x_wconf 79' lang='lat' dir='ltr'><strong>Uilfridi</strong></span> <span class='ocrx_word' id='word_1_423' title='bbox 409 2256 662 2290; x_wconf 87' lang='lat' dir='ltr'><strong>episcopi..</strong></span> <span class='ocrx_word' id='word_1_424' title='bbox 1103 2276 1111 2281; x_wconf 95' lang='lat'><strong>.</strong></span> <span class='ocrx_word' id='word_1_425' title='bbox 1194 2276 1201 2282; x_wconf 98' lang='lat'><strong>.</strong></span> <span class='ocrx_word' id='word_1_426' title='bbox 1284 2276 1291 2282; x_wconf 92' lang='lat'><strong>.</strong></span> <span class='ocrx_word' id='word_1_427' title='bbox 1374 2277 1381 2282; x_wconf 96' lang='lat'><strong>.</strong></span> <span class='ocrx_word' id='word_1_428' title='bbox 1424 2264 1470 2289; x_wconf 84' lang='lat'><strong>321</strong></span> 
     </span>
     <span class='ocr_line' id='line_1_46' title="bbox 146 2276 1382 2341; baseline 0 -9"><span class='ocrx_word' id='word_1_429' title='bbox 146 2305 216 2332; x_wconf 90' lang='lat' dir='ltr'><strong>XX.</strong></span> <span class='ocrx_word' id='word_1_430' title='bbox 238 2305 284 2333; x_wconf 90' lang='lat' dir='ltr'><strong>Ut</strong></span> <span class='ocrx_word' id='word_1_431' title='bbox 298 2306 448 2340; x_wconf 75' lang='lat' dir='ltr'><strong>religioso</strong></span> <span class='ocrx_word' id='word_1_432' title='bbox 462 2306 574 2334; x_wconf 88' lang='lat' dir='ltr'><strong>abbati</strong></span> <span class='ocrx_word' id='word_1_433' title='bbox 588 2306 759 2334; x_wconf 82' lang='lat' dir='ltr'><strong>Hadriano</strong></span> <span class='ocrx_word' id='word_1_434' title='bbox 773 2306 924 2341; x_wconf 73' lang='lat' dir='ltr'><strong>Albinus.</strong></span> <span class='ocrx_word' id='word_1_435' title='bbox 942 2276 1108 2333; x_wconf 78' lang='lat' dir='ltr'><strong>Uilfiido</strong></span> <span class='ocrx_word' id='word_1_436' title='bbox 1099 2314 1136 2332; x_wconf 85' lang='lat'><strong>111</strong></span> <span class='ocrx_word' id='word_1_437' title='bbox 1155 2305 1382 2340; x_wconf 85' lang='lat' dir='ltr'><strong>episcopatum</strong></span> 
     </span>
     <span class='ocr_line' id='line_1_47' title="bbox 260 2345 1474 2379; baseline -0.001 -7"><span class='ocrx_word' id='word_1_438' title='bbox 260 2345 349 2373; x_wconf 87' lang='lat' dir='ltr'><strong>Acca</strong></span> <span class='ocrx_word' id='word_1_439' title='bbox 362 2346 554 2374; x_wconf 89' lang='lat' dir='ltr'><strong>successerit</strong></span> <span class='ocrx_word' id='word_1_440' title='bbox 648 2367 655 2374; x_wconf 89' lang='lat'><strong>.</strong></span> <span class='ocrx_word' id='word_1_441' title='bbox 738 2367 745 2373; x_wconf 90' lang='lat'><strong>.</strong></span> <span class='ocrx_word' id='word_1_442' title='bbox 827 2367 834 2373; x_wconf 89' lang='lat'><strong>.</strong></span> <span class='ocrx_word' id='word_1_443' title='bbox 1007 2367 1013 2374; x_wconf 92' lang='lat'><strong>.</strong></span> <span class='ocrx_word' id='word_1_444' title='bbox 1099 2365 1105 2372; x_wconf 91' lang='lat'><strong>.</strong></span> <span class='ocrx_word' id='word_1_445' title='bbox 1371 2367 1377 2372; x_wconf 90' lang='lat'><strong>.</strong></span> <span class='ocrx_word' id='word_1_446' title='bbox 1423 2354 1474 2379; x_wconf 77' lang='lat'><strong>330</strong></span> 
     </span>
    </p>
   </div>
   <div class='ocr_carea' id='block_1_18' title="bbox 147 2394 1473 2470">
    <p class='ocr_par' dir='ltr' id='par_1_21' title="bbox 147 2394 1473 2470">
     <span class='ocr_line' id='line_1_48' title="bbox 147 2394 1380 2431; baseline 0.002 -10"><span class='ocrx_word' id='word_1_447' title='bbox 147 2394 233 2422; x_wconf 90' lang='lat' dir='ltr'>XXI.</span> <span class='ocrx_word' id='word_1_448' title='bbox 258 2395 303 2423; x_wconf 84' lang='lat' dir='ltr'><strong>Ut</strong></span> <span class='ocrx_word' id='word_1_449' title='bbox 317 2396 458 2424; x_wconf 83' lang='lat' dir='ltr'><strong>Ceolsrid</strong></span> <span class='ocrx_word' id='word_1_450' title='bbox 478 2397 577 2424; x_wconf 87' lang='lat' dir='ltr'><strong>abbas</strong></span> <span class='ocrx_word' id='word_1_451' title='bbox 596 2396 665 2431; x_wconf 82' lang='lat' dir='ltr'><strong>regi</strong></span> <span class='ocrx_word' id='word_1_452' title='bbox 685 2396 853 2424; x_wconf 89' lang='lat' dir='ltr'><strong>Pictorum</strong></span> <span class='ocrx_word' id='word_1_453' title='bbox 875 2395 1074 2424; x_wconf 88' lang='lat' dir='ltr'><strong>architectos</strong></span> <span class='ocrx_word' id='word_1_454' title='bbox 1094 2395 1257 2430; x_wconf 85' lang='lat' dir='ltr'><strong>ecclesiae</strong></span> <span class='ocrx_word' id='word_1_455' title='bbox 1281 2395 1380 2423; x_wconf 85' lang='lat' dir='ltr'><strong>simul</strong></span> 
     </span>
     <span class='ocr_line' id='line_1_49' title="bbox 260 2417 1473 2470; baseline 0 -8"><span class='ocrx_word' id='word_1_456' title='bbox 260 2437 294 2462; x_wconf 88' lang='lat' dir='ltr'><strong>et</strong></span> <span class='ocrx_word' id='word_1_457' title='bbox 308 2435 482 2470; x_wconf 78' lang='lat' dir='ltr'><strong>epistulam</strong></span> <span class='ocrx_word' id='word_1_458' title='bbox 497 2437 536 2463; x_wconf 89' lang='lat' dir='ltr'><strong>de</strong></span> <span class='ocrx_word' id='word_1_459' title='bbox 551 2436 713 2464; x_wconf 85' lang='lat' dir='ltr'><strong>catholico</strong></span> <span class='ocrx_word' id='word_1_460' title='bbox 727 2436 851 2470; x_wconf 85' lang='lat' dir='ltr'><strong>pascha</strong></span> <span class='ocrx_word' id='word_1_461' title='bbox 862 2436 916 2463; x_wconf 84' lang='lat' dir='ltr'><strong>uel</strong></span> <span class='ocrx_word' id='word_1_462' title='bbox 931 2436 971 2463; x_wconf 86' lang='lat' dir='ltr'><strong>de</strong></span> <span class='ocrx_word' id='word_1_463' title='bbox 984 2438 1124 2463; x_wconf 88' lang='lat' dir='ltr'><strong>tonsura</strong></span> <span class='ocrx_word' id='word_1_464' title='bbox 1137 2417 1267 2463; x_wconf 84' lang='lat' dir='ltr'><strong>miserit</strong></span> <span class='ocrx_word' id='word_1_465' title='bbox 1282 2456 1289 2462; x_wconf 95' lang='lat'><strong>.</strong></span> <span class='ocrx_word' id='word_1_466' title='bbox 1373 2457 1379 2463; x_wconf 94' lang='lat'><strong>.</strong></span> <span class='ocrx_word' id='word_1_467' title='bbox 1424 2444 1473 2469; x_wconf 84' lang='lat'><strong>332</strong></span> 
     </span>
    </p>
   </div>
   <div class='ocr_carea' id='block_1_19' title="bbox 145 2545 1473 2647">
    <p class='ocr_par' dir='ltr' id='par_1_22' title="bbox 145 2545 1473 2646">
     <span class='ocr_line' id='line_1_50' title="bbox 179 2545 1473 2578; baseline -0.001 -7"><span class='ocrx_word' id='word_1_468' title='bbox 179 2545 191 2565; x_wconf 85' lang='lat' dir='ltr'><strong>l</strong></span> <span class='ocrx_word' id='word_1_469' title='bbox 208 2547 248 2571; x_wconf 81' lang='lat' dir='ltr'><strong>At</strong></span> <span class='ocrx_word' id='word_1_470' title='bbox 268 2546 318 2571; x_wconf 83' lang='lat' dir='ltr'><strong>the</strong></span> <span class='ocrx_word' id='word_1_471' title='bbox 341 2547 394 2571; x_wconf 86' lang='lat' dir='ltr'><strong>end</strong></span> <span class='ocrx_word' id='word_1_472' title='bbox 418 2548 448 2572; x_wconf 86' lang='lat' dir='ltr'><strong>of</strong></span> <span class='ocrx_word' id='word_1_473' title='bbox 471 2548 520 2572; x_wconf 83' lang='lat' dir='ltr'><strong>the</strong></span> <span class='ocrx_word' id='word_1_474' title='bbox 541 2550 604 2572; x_wconf 81' lang='lat' dir='ltr'><strong>text</strong></span> <span class='ocrx_word' id='word_1_475' title='bbox 624 2548 656 2572; x_wconf 76' lang='lat' dir='ltr'><strong>of</strong></span> <span class='ocrx_word' id='word_1_476' title='bbox 679 2548 759 2572; x_wconf 87' lang='lat' dir='ltr'><strong>Book</strong></span> <span class='ocrx_word' id='word_1_477' title='bbox 781 2547 836 2573; x_wconf 90' lang='lat' dir='ltr'>IV:</span> <span class='ocrx_word' id='word_1_478' title='bbox 865 2547 952 2572; x_wconf 84' lang='lat' dir='ltr'><strong>Liber</strong></span> <span class='ocrx_word' id='word_1_479' title='bbox 974 2549 1096 2578; x_wconf 85' lang='lat' dir='ltr'><strong>quartus</strong></span> <span class='ocrx_word' id='word_1_480' title='bbox 1119 2547 1247 2578; x_wconf 76' lang='lat' dir='ltr'><strong>explicit</strong></span> <span class='ocrx_word' id='word_1_481' title='bbox 1272 2546 1376 2578; x_wconf 89' lang='lat' dir='ltr'><strong>incipit</strong></span> <span class='ocrx_word' id='word_1_482' title='bbox 1400 2546 1473 2570; x_wconf 71' lang='lat' dir='ltr'><strong>libm</strong></span> 
     </span>
     <span class='ocr_line' id='line_1_51' title="bbox 145 2580 1473 2614; baseline -0.001 -10"><span class='ocrx_word' id='word_1_483' title='bbox 145 2580 272 2611; x_wconf 80' lang='lat' dir='ltr'><strong>quintus,</strong></span> <span class='ocrx_word' id='word_1_484' title='bbox 292 2580 330 2606; x_wconf 93' lang='lat' dir='ltr'><strong>M.</strong></span> <span class='ocrx_word' id='word_1_485' title='bbox 367 2582 410 2613; x_wconf 67' lang='lat' dir='ltr'><strong>So,</strong></span> <span class='ocrx_word' id='word_1_486' title='bbox 429 2581 536 2612; x_wconf 83' lang='lat' dir='ltr'><strong>adding</strong></span> <span class='ocrx_word' id='word_1_487' title='bbox 553 2581 694 2614; x_wconf 81' lang='lat' dir='ltr'><strong>kapitula,</strong></span> <span class='ocrx_word' id='word_1_488' title='bbox 710 2582 742 2607; x_wconf 87' lang='lat' dir='ltr'><strong>B.</strong></span> <span class='ocrx_word' id='word_1_489' title='bbox 787 2582 874 2613; x_wconf 79' lang='lat' dir='ltr'><strong>Expl.</strong></span> <span class='ocrx_word' id='word_1_490' title='bbox 891 2582 942 2607; x_wconf 89' lang='lat' dir='ltr'><strong>lib.</strong></span> <span class='ocrx_word' id='word_1_491' title='bbox 963 2581 1034 2606; x_wconf 94' lang='lat' dir='ltr'>IIII.</span> <span class='ocrx_word' id='word_1_492' title='bbox 1053 2581 1122 2605; x_wconf 81' lang='lat' dir='ltr'><strong>haec</strong></span> <span class='ocrx_word' id='word_1_493' title='bbox 1141 2581 1331 2604; x_wconf 85' lang='lat' dir='ltr'><strong>continentur</strong></span> <span class='ocrx_word' id='word_1_494' title='bbox 1349 2580 1378 2604; x_wconf 90' lang='lat' dir='ltr'><strong>in</strong></span> <span class='ocrx_word' id='word_1_495' title='bbox 1398 2580 1473 2604; x_wconf 84' lang='lat' dir='ltr'><strong>lib10</strong></span> 
     </span>
     <span class='ocr_line' id='line_1_52' title="bbox 145 2613 1286 2647; baseline 0.002 -10"><span class='ocrx_word' id='word_1_496' title='bbox 145 2613 247 2644; x_wconf 83' lang='lat' dir='ltr'><strong>quinto</strong></span> <span class='ocrx_word' id='word_1_497' title='bbox 259 2613 325 2640; x_wconf 81' lang='lat' dir='ltr'><strong>hist.</strong></span> <span class='ocrx_word' id='word_1_498' title='bbox 337 2615 404 2640; x_wconf 82' lang='lat' dir='ltr'><strong>eccl.</strong></span> <span class='ocrx_word' id='word_1_499' title='bbox 416 2615 509 2646; x_wconf 79' lang='lat' dir='ltr'><strong>gentis</strong></span> <span class='ocrx_word' id='word_1_500' title='bbox 520 2615 679 2647; x_wconf 31' lang='lat' dir='ltr'><strong>anglonun]</strong></span> <span class='ocrx_word' id='word_1_501' title='bbox 692 2615 726 2640; x_wconf 74' lang='lat' dir='ltr'><strong>N.</strong></span> <span class='ocrx_word' id='word_1_502' title='bbox 754 2615 905 2646; x_wconf 87' lang='lat' dir='ltr'><strong>Incipiunt</strong></span> <span class='ocrx_word' id='word_1_503' title='bbox 917 2615 1044 2646; x_wconf 74' lang='lat' dir='ltr'><strong>capitula</strong></span> <span class='ocrx_word' id='word_1_504' title='bbox 1057 2614 1124 2639; x_wconf 87' lang='lat' dir='ltr'><strong>libri</strong></span> <span class='ocrx_word' id='word_1_505' title='bbox 1137 2614 1242 2647; x_wconf 81' lang='lat' dir='ltr'><strong>quinti,</strong></span> <span class='ocrx_word' id='word_1_506' title='bbox 1257 2614 1286 2639; x_wconf 87' lang='lat' dir='ltr'><strong>C.</strong></span> 
     </span>
    </p>
   </div>
   <div class='ocr_carea' id='block_1_20' title="bbox 188 2664 838 2705">
    <p class='ocr_par' dir='ltr' id='par_1_23' title="bbox 188 2664 838 2705">
     <span class='ocr_line' id='line_1_53' title="bbox 188 2664 838 2705; baseline 0.006 -11"><span class='ocrx_word' id='word_1_507' title='bbox 188 2664 350 2705; x_wconf 70' lang='lat' dir='ltr'>†v01...1</span> <span class='ocrx_word' id='word_1_508' title='bbox 813 2674 838 2698; x_wconf 87' lang='grc' dir='ltr'><em>Β</em></span> 
     </span>
    </p>
   </div>
   <div class='ocr_carea' id='block_1_21' title="bbox 0 2167 38 2928">
    <p class='ocr_par' dir='ltr' id='par_1_24' title="bbox 0 2167 38 2928">
     <span class='ocr_line' id='line_1_54' title="bbox 0 2167 38 2928; baseline 0 0"><span class='ocrx_word' id='word_1_509' title='bbox 0 2167 38 2928; x_wconf 95' lang='lat' dir='ltr'><strong> </strong></span> 
     </span>
    </p>
   </div>
  </div>
 </body>
</html>
