1803 2887
69 1089 109 1134 ‚⁰f·
126 1090 219 1118 Rom.

69 1138 112 1157 lv.
129 1139 138 1156 1
144 1138 167 1165 7.

68 1201 90 1229 f.
107 1211 138 1237 33
150 1202 180 1230 b.

658 181 838 221 auctore
868 179 1123 233 Anonymo.
1440 178 1523 219 403

265 291 479 336 pleuerunt.
551 293 711 328 Tantam
749 296 875 329 autem
913 293 1077 339 gratiam
1111 293 1209 338 apud
1244 292 1525 338 Ganguulfuml

266 350 424 386 comites
446 351 745 386 reuerentissimi
766 351 915 387 abbatis
940 354 1178 393 inuenerunt,
1197 353 1239 386 ut
1257 354 1296 386 et
1314 351 1525 396 magnificis

266 421 395 445 omnes
414 409 544 454 epulis,
564 410 711 454 sepulto
729 421 782 450 eo,
802 410 982 450 reficeret,
1003 412 1041 445 et
1066 410 1140 444 huc
1170 412 1208 445 et
1234 409 1325 444 illuc
1351 408 1525 444 abeunti-

265 467 334 502 bus
367 467 479 503 duces
512 467 672 509 itineris,
706 467 818 502 simul
848 471 887 503 et
915 467 1100 503 uiaticum
1129 468 1351 513 praeberet;
1390 468 1454 502 sed
1485 469 1524 502 et

265 524 408 560 ibidem
452 525 706 561 residentibus
743 538 941 568 annonam,
979 526 1145 570 quandiu
1179 537 1331 561 manere
1367 525 1524 566 uellent,

265 584 524 620 constitueret.

313 653 369 687 39.
396 643 491 686 Quid
509 655 597 679 uero
616 644 662 679 de
682 655 736 685 eo,
755 644 819 679 uel
837 643 1054 679 muneribus
1072 643 1164 684 eius,
1181 642 1409 688 apostolicus
1426 654 1526 687 papa

265 701 438 743 senserit,
457 704 623 737 testatur
647 701 817 747 epistola,
843 713 957 746 quam
980 701 1137 742 remisit,
1157 701 1263 736 cuius
1288 701 1358 736 hoc
1382 700 1524 746 princi-

261 758 369 804 pium
387 762 467 796 est:

315 853 509 896 Greyorius
545 853 735 897 episcopus,
770 865 897 887 seruus
936 864 1120 887 seruorum.
1154 853 1232 894 Dei,
1266 849 1526 886 Hicoetberlito²

356 912 517 955 reliyioso
536 912 664 946 abbati.

1513 966 1526 986 3

311 969 535 1014 Scriptorum
573 975 653 1004 tuae
691 971 927 1014 amplectende
967 970 1150 1013 reliyionis
1191 970 1279 1003 serie
1320 970 1500 1012 reieyendo

260 1033 454 1072 perspecta,
472 1030 688 1072 conyaudere
706 1033 736 1062 te
762 1030 917 1069 ueritati,
937 1030 1039 1062 cuius
1053 1030 1172 1072 qratia
1193 1032 1366 1061 uocantur
1381 1039 1420 1060 ea
1438 1039 1526 1071 quae

265 1097 337 1120 uon
377 1091 471 1127 sunt,
515 1092 695 1131 tamquam
736 1099 776 1121 ea
817 1099 905 1131 quae
937 1092 1031 1128 sunt,
1067 1089 1107 1121 de
1148 1091 1270 1121 nostra
1308 1087 1524 1130 promotione

265 1149 476 1185 monstrans,
504 1157 544 1179 ac
575 1144 692 1179 iuris4
719 1147 902 1189 apostolici
932 1146 1138 1180 auctoritati
1149 1142 1162 1162 5
1192 1146 1294 1179 cuius
1329 1146 1524 1179 ministerio

272 1202 275 1242 Ι
289 1205 704 1249 fulminiici-quamquam
720 1206 886 1246 inmeriti,
897 1209 927 1238 te
939 1205 1076 1239 subesse
1083 1205 1322 1248 promtissime
1329 1206 1523 1248 profiter-Is.

266 1263 400 1305 Quibus
417 1275 460 1297 ex
472 1265 589 1298 causis
605 1265 725 1298 debere
743 1269 772 1297 te
793 1265 934 1298 noueris
947 1276 1034 1304 eum,
1049 1276 1149 1308 quem
1164 1265 1362 1307 qratularis
1372 1275 1520 1308 preesse,

261 1321 462 1356 continuis6
476 1323 736 1357 conlaborando
756 1324 795 1356 iu
809 1323 975 1366 precibus
992 1324 1188 1356 instantius
1204 1333 1306 1356 orare
1320 1321 1343 1362 ⁷,
1357 1327 1397 1355 ut
1408 1324 1524 1366 possit

261 1384 293 1413 et
320 1381 400 1417 sibi,
428 1385 459 1414 et
484 1382 558 1421 tibi,
586 1382 772 1426 multisque
802 1383 988 1424 prodesse;
1021 1393 1099 1414 euni
1130 1382 1293 1424 proinde,
1321 1382 1422 1414 cuius
1450 1382 1523 1415 Deo

261 1439 395 1473 dicatos
407 1440 625 1473 *uenerabiles
636 1451 742 1474 canos
759 1441 1000 1474 commendare
1017 1440 1194 1479 studuisti,
1207 1440 1247 1473 de
1261 1440 1522 1483 temporalibus,

262 1502 448 1542 antequam
471 1500 710 1542 susciperetur
730 1511 752 1533 a
770 1500 877 1538 nobis,
899 1500 946 1533 ad
963 1503 1119 1538 aeterna,
1138 1499 1211 1532 Deo
1230 1503 1386 1541 uocante,
1406 1502 1522 1532 trans-

261 1557 384 1597 latum,
404 1559 518 1597 misso,
539 1559 587 1591 ad
605 1563 784 1592 aeternam
800 1559 860 1592 sui
880 1559 1094 1598 memoriam,
1116 1568 1261 1591 munere
1280 1568 1352 1591 meo
1370 1557 1524 1591 Domino

261 1619 293 1648 et
309 1617 489 1650 communi
500 1621 656 1660 patrono
674 1617 770 1651 beato
795 1617 908 1660 Petro,
928 1617 1164 1660 apostolorum
1179 1617 1322 1649 domino
1335 1614 1346 1630 ‘⁸'
1364 1627 1523 1658 summo;

253 1675 367 1716 fidem
378 1675 452 1709 eius
466 1676 501 1708 in
522 1677 680 1709 muneris
693 1676 890 1709 conlatione
898 1675 1098 1719 probantes,
1115 1675 1264 1717 diynum
1279 1685 1522 1708 commemora-

261 1734 417 1767 tionibus
432 1735 586 1767 assiduis
605 1735 813 1775 censuimus,
842 1746 883 1767 ac
903 1734 1199 1778 probatissinmin
1222 1737 1459 1776 preceptorem
1484 1734 1524 1766 in-

260 1792 393 1825 sanctis
419 1803 460 1826 ae
484 1793 710 1836 regularibus
736 1793 910 1826 «institutis
935 1793 1056 1835 (liquis
1080 1792 1308 1825 auditoribus
1330 1792 1524 1835 praeuium

258 1854 342 1883 ante
353 1851 468 1884 Deum
485 1852 629 1885 eoeistere
642 1863 866 1895 peroramus,
887 1856 924 1884 ut
940 1852 1054 1891 illum,
1069 1851 1197 1884 Aaron
1215 1855 1246 1883 et
1262 1851 1379 1893 Moysi
1391 1850 1525 1883 sanctis

260 1906 409 1940 diuinae
436 1907 552 1950 plebis
580 1908 728 1941 ducibus
756 1909 803 1941 ad
830 1907 1082 1951 promissionis
1111 1907 1272 1950 patriam
1302 1907 1524 1940 tendentibus

263 1966 425 2005 euocatis,
445 1970 630 2009 sanctoque
645 1965 657 1984 ⁹
673 1967 730 1999 illi
745 1967 856 2007 Helie,
875 1967 991 2000 subito
1016 1967 1056 1998 'in
1076 1966 1229 1999 aetheris
1254 1969 1366 2009 rapto,
1386 1966 1523 1999 meritis

260 2024 458 2057 excolendis
480 2025 603 2066 qratia
616 2036 787 2068 superna,
807 2036 894 2068 quae
914 2025 1016 2058 illum
1033 2025 1245 2068 adsumpsit,
1265 2025 1471 2068 aequiparet
1482 2021 1522 2066 ¹⁰,

260 2089 300 2112 ac
312 2081 536 2122 superstitem
550 2081 766 2124 discipulum
780 2082 984 2114 institutum
997 2092 1075 2114 cum
1089 2081 1229 2113 asseclis
1238 2078 1263 2098 ¹1
1280 2080 1490 2123 yubernand
1495 2080 1524 2112 is

258 2137 342 2170 Iesu
367 2138 620 2181 eleyantissimi
651 2140 751 2172 ducis
783 2150 823 2172 ac
851 2139 888 2172 F
888 2140 979 2172 inees
1003 2139 1137 2172 Helisei
1168 2139 1384 2182 diynitatum
1410 2139 1522 2172 earis-

260 2197 416 2230 mutibus
433 2198 586 2231 indultis
596 2195 624 2216 ¹²
648 2202 821 2241 perornet.
879 2198 972 2231 Uale.

305 2291 362 2324 40.
389 2281 600 2317 Narrabant
634 2284 762 2318 autem
787 2282 894 2317 nobis
920 2282 1060 2318 reuersi
1089 2282 1246 2318 comites
1272 2282 1350 2317 Deo
1385 2281 1521 2317 dilecti

259 2339 379 2383 patris
421 2340 548 2382 nostri,
592 2340 680 2385 quia,
721 2340 893 2386 proxima,
934 2343 1046 2377 nocte
1091 2343 1289 2386 postquam
1327 2341 1519 2385 sepulture

303 2434 315 2452 ²
337 2437 525 2475 ganulfum
541 2438 568 2469 δ.
667 2437 679 2454 ²
702 2438 894 2469 withberto
913 2439 938 2470 δ.
1041 2438 1053 2454 ³
1078 2439 1226 2479 legendo
1243 2440 1269 2469 δ.
1369 2439 1380 2457 ⁴
1402 2439 1475 2470 uiri
1492 2440 1518 2471 δ.

259 2485 271 2504 ⁵
294 2489 497 2520 auctoritati
513 2500 572 2521 om.
589 2490 635 2521 H.
723 2491 735 2509 ⁶
758 2491 921 2522 continui
936 2490 984 2522 H.
1077 2489 1088 2506 ⁷
1112 2501 1208 2522 orare
1224 2501 1282 2522 om.
1302 2490 1349 2522 H.
1432 2490 1444 2507 ⁸
1467 2492 1521 2521 —ni

259 2539 276 2569 δ
419 2540 430 2557 ⁹
453 2551 641 2581 secumque
655 2543 681 2574 δ.
805 2541 830 2559 ¹⁰
854 2544 967 2582 -peret
984 2543 1032 2573 H.
1049 2543 1077 2574 δ.
1197 2541 1220 2558 ¹¹
1245 2543 1290 2574 ad
1305 2543 1455 2574 saeculis
1472 2543 1520 2575 H.

257 2565 285 2608 Π.
305 2590 461 2623 induleis
477 2592 524 2623 H.

833 2659 949 2697 ndz

1549 651 1653 686 Reply
1669 652 1704 678 of

1548 690 1606 718 the
1621 691 1706 725 Pope
1722 692 1754 717 to

1550 730 1668 758 Hwaet-

1549 770 1647 797 bert's

1549 809 1657 837 letter.

1545 2288 1697 2316 Miracles

1543 2328 1630 2355 after
1645 2328 1731 2356 CeoI-

1545 2368 1637 2395 frid's

1544 2407 1642 2436 death
1649 2428 1656 2436 .
