1803 2887
71 1231 90 1258 f.
108 1240 141 1266 ²9
155 1230 182 1258 b.

273 165 350 196 CAP.
370 162 446 204 111.]
671 156 756 198 Gen
765 155 821 197 tis
852 156 1124 211 Aozgylorum.
1475 159 1527 199 85

270 270 471 309 sentirent
498 270 655 320 perfidi,
689 272 797 320 quod
830 271 989 310 oblata1
1020 272 1098 310 sibi
1131 274 1350 321 perpetuae
1381 273 1527 311 salutis

270 337 438 374 consilia
458 338 714 386 spreuerant.

779 459 901 497 CAP.
932 458 1017 497 ΙΙΙ.

340 558 377 586 Ut
392 558 472 585 idem
488 557 638 586 Memnon
655 566 691 586 ac
709 557 835 586 Iustum
852 559 1000 594 episcopos
1008 559 1114 594 fecerit
1126 569 1137 595 ;
1161 561 1185 587 et
1202 560 1236 588 (Ie
1253 560 1333 587 obilu
1352 559 1450 594 ipsius
1462 556 1483 589 ².

321 634 442 671 Amo
458 633 684 671 dominicae
699 633 996 672 incarnationis
1010 634 1245 683 DCIIIImO,
1264 635 1528 685 Augustinus

268 699 566 738 Brittanjarum
591 699 920 749 archiepiscopus
947 700 1153 738 ordinauit
1176 701 1277 738 duos
1302 701 1521 750 episcopos,

267 765 476 803 Mellitum
510 764 702 802 uidelicet
733 767 773 802 et
803 765 997 813 Instum3
1032 765 1243 804 Mellitum
1273 767 1442 815 quidem
1475 767 1525 804 ad

264 830 581 879 praedicandum
618 830 853 879 prouinciae
885 830 1159 868 Orientalium
1195 832 1418 879 Saxonum,
1455 832 1526 881 qui

265 896 466 933 Tamense
495 895 621 933 fluuio
651 895 905 934 dirimuntur
933 910 956 934 a
983 896 1136 944 Cantia,
1163 899 1203 934 et
1228 897 1307 945 ipsi
1338 897 1526 935 orientali

264 961 369 999 mari
406 961 600 1010 contigui,
639 974 815 1010 quorum
854 962 1094 1011 metropolis
1126 962 1344 1000 Lundonia
1383 963 1526 1001 ciuitas

265 1028 336 1074 est,
361 1039 481 1075 super
508 1026 640 1075 ripam
665 1027 837 1076 praefati
865 1027 1053 1065 fluminis
1078 1028 1221 1076 posita,
1248 1030 1288 1065 et
1308 1028 1395 1077 ipsa
1420 1029 1524 1066 mul-

264 1093 402 1129 torum
442 1091 701 1141 emporium3
743 1092 992 1141 populorum
1034 1094 1141 1130 terra
1187 1092 1372 1142 marique
1414 1093 1524 1131 ueni-

265 1156 426 1193 entium
443 1170 451 1204 ;
481 1156 524 1193 in
546 1169 625 1205 qua
645 1156 836 1194 uidelicet
856 1158 977 1205 gente
997 1159 1097 1194 tunc
1117 1157 1314 1205 temporis
1335 1157 1499 1195 Saberct
1513 1159 1526 1178 4

265 1234 391 1271 nepos
403 1221 657 1259 Aedilbercti
668 1222 680 1241 5
694 1235 743 1259 ex
757 1235 892 1259 sorore
906 1222 1049 1260 Ricula
1062 1222 1271 1271 regnabat,
1302 1221 1306 1272 Ι
1333 1223 1525 1272 quamuis

265 1287 341 1325 sub
369 1289 571 1336 potestate
598 1287 759 1336 positus
786 1287 971 1325 eiusdem
991 1287 1280 1335 Aedilbe1·cti⁶‚
1307 1288 1377 1337 qui
1397 1289 1525 1326 omni-

263 1352 351 1401 bus,
369 1355 415 1390 ut
436 1366 557 1401 supra
577 1353 735 1390 dictum
752 1354 824 1399 est,
842 1366 973 1401 usque
993 1353 1042 1390 ad
1064 1353 1291 1391 terminum
1309 1353 1525 1392 Humbrae

263 1418 451 1456 fluminis
471 1418 707 1467 Anglorum
734 1418 929 1467 gentibus
956 1418 1194 1467 imperabat.
1255 1418 1340 1456 Ubi
1366 1432 1462 1457 uero
1484 1422 1524 1457 et

262 1483 359 1522 haec
393 1483 603 1533 prouincia
635 1483 811 1521 uerbum
849 1483 1035 1521 ueritatis
1073 1484 1331 1532 praedicante
1364 1484 1524 1522 Mellito

261 1549 425 1598 accepit,
467 1549 563 1586 fecit
602 1562 674 1585 rex
711 1548 978 1586 Aedilberct⁷
1017 1549 1063 1586 in
1100 1549 1268 1587 ciuitate
1306 1549 1524 1587 Lundonia

264 1615 474 1652 ecclesiam
514 1614 644 1652 sancti
674 1614 795 1652 Pauli
828 1614 1015 1663 apostoli,
1052 1615 1097 1651 in
1131 1627 1211 1664 qua
1244 1614 1381 1652 locum
1415 1615 1523 1653 sedis

264 1680 513 1729 episcopalis,
525 1682 564 1718 et
577 1680 673 1729 ipse,
685 1682 725 1717 et
742 1693 991 1718 successores
1004 1679 1090 1718 eius
1107 1681 1315 1718 haberent.
1357 1680 1521 1719 Iustum

263 1759 360 1784 uero
389 1747 434 1784 in
462 1746 550 1795 ipsa
579 1746 722 1784 Cantia
750 1746 1012 1795 Augustinus
1047 1746 1284 1794 episcopum
1315 1745 1522 1783 ordinauit

262 1809 307 1847 in
327 1809 493 1847 ciuitate
509 1808 751 1856 Dorum-eui,
770 1822 893 1857 quam
914 1821 1015 1857 gens
1030 1809 1265 1857 Anglorum
1284 1822 1307 1846 a
1326 1809 1521 1857 primario

264 1875 471 1925 quondam
508 1874 633 1921 illius,
672 1874 743 1923 qui
781 1873 990 1911 dicebatur
1027 1874 1145 1921 Hrof,
1182 1874 1521 1912 Hrofaesc-aestraess

262 1940 535 1991 cognominat.
594 1940 730 1978 Distat
758 1942 897 1977 autem
926 1952 948 1976 a
975 1939 1210 1977 Doruuerni
1240 1939 1410 1977 milibus
1433 1953 1519 1989 pas-

262 2019 384 2044 suum
429 2006 557 2043 ferme
599 2005 780 2043 XXIIII
826 2005 876 2042 ad
924 2005 1189 2053 occidentem,
1231 2005 1276 2042 in
1325 2018 1403 2054 qua
1450 2018 1522 2042 rex

261 2071 499 2109 Aedilberct
512 2072 523 2090 ⁷
545 2071 759 2109 ecclesiam
785 2070 894 2108 beati
915 2070 1105 2107 Andreae
1125 2070 1299 2119 apostoli
1319 2071 1424 2117 fecit,
1450 2071 1521 2119 qui

261 2137 385 2175 etiam
406 2136 605 2185 episcopis
628 2136 842 2185 utriusque
872 2136 996 2173 huius
1020 2135 1210 2173 ecclesiae
1239 2136 1346 2173 dona
1373 2135 1516 2183 multa⁷

261 2203 368 2240 sicut
402 2204 442 2240 et
472 2202 814 2249 Doruuernensis,
848 2201 1026 2249 obtulit3
1068 2202 1139 2239 sed
1173 2204 1213 2239 et
1241 2201 1446 2239 territoria
1477 2214 1522 2239 ac

262 2269 538 2317 possessiones
566 2267 610 2305 in
637 2280 760 2305 usum
785 2280 938 2315 eorum,
961 2267 1031 2316 qui
1051 2269 1167 2305 erant
1187 2280 1282 2305 cum
1306 2267 1518 2316 episcopis,

263 2333 417 2372 adiecit

307 2431 318 2448 1
340 2432 458 2462 ablata
475 2431 511 2464 C.
528 2432 594 2470 W;
618 2432 727 2463 allata
744 2432 786 2463 D.
853 2431 866 2449 ²
889 2432 964 2462 eius
980 2431 1026 2463 M.
1088 2430 1100 2448 3
1123 2429 1358 2471 θω“Ρ’ΐ;οΓίιιω
1377 2431 1401 2462 C
1419 2441 1426 2469 3
1448 2441 1519 2461 em-

264 2493 388 2523 porum
405 2483 457 2514 13¹.
494 2482 505 2500 4
529 2484 671 2514 saberht
697 2484 733 2515 C.
793 2484 805 2501 ⁵
827 2483 1057 2514 aeoilberchti
1083 2484 1119 2514 C.
1186 2482 1197 2499 ὅ
1222 2483 1457 2513 aebelberchti
1471 2481 1519 2514 C2.

255 2537 342 2572 from
357 2545 400 2565 ex
415 2545 530 2566 sorore
548 2559 554 2566 .
573 2560 580 2567 .
599 2560 606 2567 .
623 2535 853 2566 aebflberchti
869 2546 927 2565 om.
946 2535 971 2566 C
984 2534 1006 2566 ¹.
1024 2536 1054 2565 D
1071 2546 1078 2573 3
1110 2538 1209 2566 added
1223 2538 1259 2572 by
1276 2532 1316 2565 0²
1330 2545 1367 2564 οη
1383 2536 1515 2572 marqz'n.

263 2585 274 2603 ⁷
297 2587 493 2618 aebilberht
510 2587 546 2618 C.
680 2586 691 2604 ⁸
707 2587 847 2618 hrofaes
863 2590 1018 2618 caestrae
1035 2588 1064 2618 B
1077 2598 1085 2626 ;
1109 2587 1364 2618 hrofescaester
1379 2586 1416 2617 C.

1550 643 1734 678 Augustine

1551 686 1756 711 eonsecrates

1551 722 1697 750 Mellitus

1549 762 1615 789 and
1631 762 1651 789 J
1653 764 1747 790 ustus

1549 803 1583 828 to
1598 801 1734 829 London

1549 841 1615 868 and

1550 880 1734 909 Roehester.

1550 929 1576 947 A.
1584 929 1612 947 D.
1629 921 1692 954 604.
