1788 2928
72 446 138 473 Iob.
156 447 220 473 xix.

68 496 110 518 4ζ’).

293 186 410 227 clxiv
585 186 930 227 Introduction:
975 187 1219 241 Appemlioe
1248 187 1315 228 II.

294 302 352 339 At
391 301 472 346 ille,
513 302 664 349 ‘bene,'
702 301 847 350 inquit,
896 301 1048 339 ‘scribe
1063 301 1102 339 ¹.'
1158 302 1238 340 ΕΗ
1275 304 1366 351 post
1405 303 1613 341 modicum

294 367 397 405 dixit
416 381 541 416 puer:
567 367 723 405 ‘mod0³
740 367 942 416 descripta
962 368 1052 405 est.’
1104 369 1162 405 At
1181 368 1261 415 ille,
1291 368 1441 416 ‘bene‚'
1461 369 1608 417 inquit,

297 434 653 470 ‘consummatum
691 433 763 479 est,
802 432 1021 470 ueritatem
1065 432 1257 480 dixisti4;
1300 433 1434 482 accipe
1471 447 1612 471 meum

292 499 412 546 caput
437 497 483 534 in
509 510 657 534 manus
676 499 779 545 tuas,
805 497 898 546 quia
925 498 1107 535 multum
1126 511 1193 535 me
1213 498 1385 536 delectat
1408 499 1546 536 sedere
1566 511 1613 536 ex

291 562 462 599 aduerso
486 563 573 600 loco
600 564 740 600 sancto
760 576 862 609 meo,
887 563 931 600 in
953 577 1033 612 quo
1054 576 1165 600 orare
1185 563 1376 606 solebam,
1402 565 1448 601 ut
1473 565 1514 601 et
1540 577 1612 613 ego

291 627 438 665 sedens
458 628 624 665 Patrem
644 641 785 666 meum
806 628 996 666 inuocare
1015 629 1169 677 possim
1182 629 1221 667 ⁵.'
1278 629 1331 666 Et
1355 629 1411 666 sic
1437 628 1481 666 in
1506 629 1615 677 paui-

290 694 433 730 mento
463 706 558 730 suae
587 693 745 730 casulae
775 694 1020 731 decantans:
1055 693 1205 742 ‘gloria
1231 694 1345 731 Patri
1375 695 1415 732 et
1440 693 1545 731 Filio
1574 696 1614 731 et

292 758 463 807 Spiritui
494 759 664 796 Sancto’
691 761 731 796 et
760 761 902 805 cetera,
933 759 1131 796 ultimum
1161 772 1182 796 e
1211 772 1377 808 corpore
1406 759 1615 796 exhalauit

291 823 492 872 spiritum.
554 825 693 873 Atque
717 826 762 861 ut
789 824 878 861 sine
905 824 1029 861 dubio
1059 825 1311 862 credendum
1331 826 1393 862 est
1414 825 1521 873 quod
1541 837 1614 873 pro

291 902 337 926 eo
367 889 460 938 quia
487 889 553 926 hic
581 903 742 938 semper
761 889 1055 927 deuotissimus
1082 890 1125 926 in
1146 890 1223 926 Dei
1249 890 1439 927 laudibus
1465 889 1616 927 labora-

291 957 414 1001 uerat,
448 956 497 992 ad
527 955 674 1004 gaudia
703 955 997 993 desideriorum
1027 955 1239 993 celestium
1272 955 1411 993 anima
1444 955 1532 993 eius
1563 955 1614 992 ab

289 1021 444 1069 angelis
464 1022 694 1069 portaretur
706 1021 728 1058 ὓ.
782 1021 937 1058 Omnes
957 1023 1095 1058 autem
1112 1020 1183 1070 qui
1204 1021 1368 1058 audiere
1388 1021 1456 1058 uel
1476 1020 1615 1058 uidere

290 1085 449 1123 obitum
494 1086 676 1123 Baedani
718 1085 845 1134 patris
884 1086 1015 1123 nostri
1029 1086 1050 1133 7,
1090 1099 1319 1134 numquam
1359 1100 1401 1124 se
1439 1085 1616 1123 uidisse8

288 1151 417 1188 alium
459 1151 528 1189 in⁹
570 1154 655 1189 tam
698 1164 848 1200 magna
894 1152 1113 1189 deuocione
1155 1154 1279 1201 atque
1316 1151 1617 1201 tranquillitate

289 1217 418 1254 uitam
439 1230 556 1254 suam
572 1217 598 1236 10
614 1216 755 1254 finisse
775 1217 975 1254 dicebant.
1029 1217 1142 1265 Quia,
1163 1217 1267 1255 sicut
1287 1217 1450 1264 audisti,
1472 1230 1616 1266 quous-

289 1296 367 1331 que
396 1282 534 1320 anima
562 1282 688 1319 eius¹¹
715 1283 757 1318 in
787 1295 953 1330 corpore
984 1282 1073 1329 fuit,
1104 1283 1256 1331 ‘gloria
1276 1282 1417 1320 Patri'
1437 1284 1477 1320 et
1497 1281 1615 1320 alia12

292 1348 491 1396 quaedam
520 1348 569 1384 ad
601 1347 771 1396 gloriam
797 1347 914 1385 Dei1³
945 1347 1100 1395 cecinit,
1129 1350 1168 1385 et
1198 1348 1389 1397 expansis
1421 1348 1615 1385 manibus

291 1413 378 1450 Deo
391 1412 418 1432 ¹4
447 1413 596 1462 gratias
624 1426 742 1462 agere
771 1426 855 1450 non
885 1414 1075 1451 cessabat.
1139 1413 1250 1451 Scire
1281 1415 1420 1451 autem
1450 1413 1616 1451 debes¹⁵

292 1478 387 1527 quia
415 1479 547 1516 adhuc
576 1479 709 1516 multa
739 1479 897 1516 narrari
927 1481 966 1516 et
996 1478 1119 1516 scribi
1147 1481 1319 1528 possunt
1335 1479 1360 1498 ³⁶
1383 1479 1432 1516 de
1462 1492 1519 1526 eo,
1545 1479 1615 1516 sed

291 1543 441 1581 111111017
461 1543 707 1582 breuitatem
724 1545 925 1582 sermonis
944 1545 1167 1582 ineruditio
1182 1558 1296 1582 meae
1313 1544 1477 1594 linguae
1493 1544 1589 1582 facit
1607 1559 1615 1591 3

289 1611 474 1647 attamen
495 1610 638 1658 cogito,
664 1610 750 1647 Deo
770 1610 1004 1655 adiuuante,
1030 1624 1079 1647 ex
1100 1612 1284 1659 tempore
1304 1610 1469 1659 plenius
1490 1610 1539 1647 de
1569 1623 1615 1647 eo

290 1675 466 1712 scribere
487 1688 588 1723 quae
609 1675 736 1712 oculis
757 1675 853 1722 uidi,
879 1678 919 1713 et
939 1675 1108 1713 auribus
1127 1675 1267 1714 audiui
1284 1677 1320 1713 ¹³.

334 1782 340 1797 ¹
367 1787 403 1813 at
420 1784 540 1822 inquit
557 1784 669 1814 scribe
685 1785 754 1814 cito
770 1784 850 1814 edd.
969 1783 980 1800 ²
1003 1787 1037 1814 et
1055 1795 1112 1814 om.
1130 1783 1208 1815 edd.
1329 1784 1340 1801 ³
1363 1785 1539 1815 sententia
1556 1788 1618 1815 add

289 1835 368 1867 edd.
572 1835 582 1851 1
607 1845 679 1866 uer.
701 1836 770 1866 dix.
788 1846 881 1867 cons.
899 1840 951 1866 est
969 1836 1047 1866 edd.
1262 1835 1274 1853 ⁵
1296 1837 1429 1876 possim
1446 1837 1521 1867 inu.
1538 1837 1616 1868 edd.

289 1888 301 1905 ὅ
325 1889 453 1926 sancto,
474 1897 555 1917 cum
572 1888 745 1926 Spiritum
763 1888 934 1918 Sanctum
952 1889 1180 1927 nominasset,
1197 1889 1364 1927 spiritum
1379 1899 1396 1918 e
1411 1899 1437 1919 0.
1455 1889 1535 1920 exh.
1551 1890 1617 1918 ult.

289 1941 324 1970 et
341 1941 391 1969 sic
407 1950 514 1978 regua
531 1940 700 1978 migrauit
715 1940 760 1970 ad
773 1940 939 1970 caelestia
955 1941 1032 1971 edd.
1115 1939 1127 1957 ⁷
1150 1941 1245 1970 beati
1260 1942 1372 1980 patris
1389 1941 1526 1971 obitum
1539 1941 1617 1971 edd.

289 1992 299 2005 '⁴
324 1992 440 2021 ullum
458 1994 521 2021 add
538 1992 615 2022 edd.
727 1992 738 2009 ⁹
763 1993 799 2022 in
817 2003 874 2023 om.
892 1993 969 2023 edd.
1077 1992 1098 2008 ¹⁰
1123 2003 1222 2023 suam
1239 2003 1295 2024 om.
1311 1993 1390 2023 edd.
1494 1991 1518 2009 ¹¹
1542 1993 1618 2023 eius

289 2053 347 2074 om.
366 2043 445 2074 edd.
620 2043 643 2060 ¹²
668 2044 868 2083 spiritualia
884 2048 947 2075 add
963 2045 1040 2075 edd.
1211 2045 1235 2061 ¹³
1259 2045 1303 2075 ad
1318 2046 1364 2084 gl.
1383 2045 1448 2075 Dei
1464 2055 1520 2075 om.
1537 2045 1617 2075 edd.

290 2094 311 2110 ³¹
338 2095 410 2125 Deo
426 2096 512 2125 uiuo
528 2097 563 2126 et
580 2105 663 2125 uero
680 2095 760 2127 edd.
925 2096 948 2114 ¹⁵·
974 2097 1060 2127 scito
1078 2098 1198 2127 autem
1216 2096 1326 2127 frater
1343 2097 1522 2127 carissime
1538 2096 1618 2127 edd.

291 2145 313 2162 ¹²³
336 2147 429 2185 quod
448 2147 562 2177 multa
579 2157 723 2178 narrare
740 2149 870 2187 possim
888 2148 966 2180 edd.
1069 2147 1091 2164 ¹⁷
1117 2158 1213 2179 nunc
1228 2159 1286 2180 om.
1305 2148 1384 2179 edd.
1485 2148 1508 2165 ¹¹³
1530 2150 1618 2179 atta-

289 2208 370 2228 men
392 2223 398 2229 .
417 2223 422 2229 .
444 2224 450 2229 .
467 2199 592 2229 audiui
610 2210 666 2229 om.
684 2199 763 2230 edd.
