1803 2887
55 1260 184 1295 Vietory
199 1261 235 1288 of

50 1300 179 1328 Oswald
193 1303 227 1328 at

50 1340 196 1368 Denises-

49 1379 141 1406 burn.

45 2074 136 2100 Gross

44 2113 172 2139 orected
188 2112 229 2145 by

44 2151 173 2178 Oswald

45 2190 150 2218 before
166 2191 222 2218 the

45 2230 155 2264 battle,

286 157 366 197 128
639 152 846 195 Historia
879 152 1177 194 Ecclesiastiea
1374 159 1458 200 [Lm.
1479 162 1537 192 111.

282 270 408 320 impia
446 283 581 315 manu,
625 269 695 307 sed
730 269 838 306 iusta
876 268 1033 306 ultione
1070 267 1252 317 peremit.
1315 268 1368 305 Et
1407 267 1540 316 primo

283 336 450 385 quidem
479 334 666 384 proxima
696 335 848 371 aestate
883 333 1082 380 Osricum,
1113 334 1213 370 dum
1246 346 1288 370 se
1318 333 1362 369 in
1391 333 1540 381 oppido

282 401 508 450 municipio
538 400 751 438 temerarie
782 399 1016 446 obsedisset,
1042 411 1262 447 erumpens
1287 398 1420 436 subito
1447 412 1539 436 cum

282 467 367 505 suis
405 465 598 503 omnibus
636 465 868 514 inparatum
903 477 997 501 cum
1035 465 1120 501 toto
1161 464 1336 501 exercitu
1372 463 1534 501 deleuit.

282 532 387 570 Dein
410 545 503 569 cum
522 544 630 569 anno
651 531 810 579 integro
832 529 1063 578 prouincias
1084 529 1534 578 Nordanhymbrorum,

281 611 366 635 non
379 599 425 634 ut
442 610 510 634 rex
526 596 657 634 uictor
669 596 900 645 possideret,
922 595 992 632 sed
1006 595 1122 644 quasi
1137 597 1337 644 tyrannus
1353 594 1539 632 saeuiens

281 663 542 712 disperderet,
568 675 612 699 ac
638 661 790 710 tragica
816 661 937 698 caede
962 660 1209 707 dilaceraret,
1244 660 1411 698 tandem
1436 660 1538 697 Ean-

279 728 434 766 fridum
473 727 706 764 inconsulte
743 727 793 764 ad
833 739 875 763 se
913 739 1007 763 cum
1047 726 1135 763 XII
1178 726 1295 763 lectis
1332 725 1537 763 militibus

280 793 549 843 postulandae
573 792 682 841 pacis
711 791 838 841 gratia
867 791 1117 837 uenientem,
1143 791 1271 828 simili
1296 793 1405 829 sorte
1429 791 1536 829 dam·

280 859 404 897 nauit.
466 858 681 895 Infaustus
701 858 771 894 ille
796 870 942 905 annus,
967 858 1007 894 et
1034 856 1226 894 omnibus
1248 856 1369 894 bonis
1393 870 1537 894 exosus

280 938 409 974 usque
428 923 549 961 hodie
572 924 796 972 permanet,
822 924 907 960 tam
931 925 1098 971 propter
1120 922 1365 971 apostasiam
1392 935 1536 971 regum

280 990 524 1039 Anglorum,
551 1001 631 1037 qua
660 1001 702 1025 se
730 987 825 1025 fidei
854 987 1121 1025 sacramentis
1145 991 1341 1025 exuerant
1356 986 1378 1035 ¹,
1414 1001 1536 1037 quam

279 1057 444 1105 propter
459 1067 654 1092 uesanam
666 1053 679 1072 ²
696 1053 923 1091 Brettonici
938 1053 1043 1101 regis
1063 1053 1325 1102 tyrannidem
1342 1053 1364 1091 3.
1414 1054 1536 1092 Unde

280 1120 437 1158 cunctis
480 1119 633 1169 placuit
676 1132 818 1168 regum
862 1120 1048 1167 tempora
1088 1119 1431 1167 computantibus,
1474 1121 1531 1167 ut,

279 1187 413 1224 ablata
452 1186 501 1223 de
533 1184 668 1222 medio
708 1197 850 1232 regum
889 1184 1138 1233 perfidorum
1176 1183 1385 1232 memoria,
1423 1184 1535 1222 idem

278 1264 412 1289 annus
433 1250 643 1299 sequentis
662 1249 778 1299 regis,
799 1249 840 1286 id
861 1251 924 1286 est
948 1249 1116 1287 Osualdi
1132 1249 1154 1297 4,
1175 1249 1255 1287 uiri
1276 1249 1361 1287 Deo
1382 1249 1531 1297 dilecti,

279 1330 405 1365 regno
433 1316 718 1365 adsignaretur
738 1329 746 1362 ;
777 1328 867 1364 quo,
892 1315 983 1363 post
1007 1313 1250 1352 occisionem
1274 1314 1410 1352 fratris
1434 1316 1537 1353 Ean-

279 1382 387 1429 fridi,
434 1380 748 1430 superueniente
792 1393 887 1417 cum
933 1393 1059 1428 paruo
1105 1379 1293 1427 exercitu,
1343 1381 1412 1417 sed
1455 1380 1536 1418 fide

278 1447 430 1486 Christi
446 1446 619 1494 munito,
640 1446 836 1483 infandus
853 1446 1102 1483 Brettonum
1119 1446 1202 1483 dux
1222 1459 1316 1483 cum
1332 1445 1535 1484 inmensis

276 1513 359 1550 illis
389 1513 524 1562 copiis,
559 1511 710 1560 quibus
737 1511 842 1548 nihil
873 1510 1063 1549 resistere
1092 1524 1209 1560 posse
1234 1509 1238 1562 Ι
1265 1511 1449 1558 iactabat,
1478 1512 1535 1549 in-

276 1580 477 1617 teremtus
508 1579 569 1615 est
603 1577 648 1615 in
677 1577 776 1624 loco,
811 1577 882 1625 qui
910 1576 1052 1628 lingua
1082 1576 1315 1626 Anglorum
1345 1577 1535 1615 Denises—

277 1645 408 1682 burna
421 1644 445 1692 ⁵,
470 1644 511 1681 id
533 1645 593 1681 est
614 1642 729 1680 riuus
751 1642 906 1691 Denisi,
931 1644 1110 1680 uocatur.

793 1788 915 1826 OAP.
949 1787 1007 1826 Π.

280 1880 316 1908 [Η
331 1881 365 1908 de
387 1880 467 1915 119110
483 1879 590 1915 crucis,
610 1879 687 1913 quod
711 1878 791 1905 idem
814 1885 865 1904 rer
887 1878 990 1904 contra
1015 1877 1158 1904 barbaros
1174 1879 1374 1912 pnfflzaffmms
1393 1880 1531 1915 erexerat,

334 1932 411 1959 inim·
429 1933 594 1959 t'mwmera
613 1931 785 1958 sanitatum
802 1929 964 1966 miracula,
984 1930 1111 1963 quidcem
1129 1938 1147 1957 α
1164 1929 1290 1957 dolentis
1307 1930 1422 1957 brachii
1438 1930 1476 1958 sil

773 1982 893 2017 langore
908 1982 1044 2010 curatus.

329 2060 621 2098 OSTENDITUR⁶
646 2060 785 2097 autem
806 2072 934 2107 usque
957 2058 1086 2105 hodie,
1113 2060 1152 2096 et
1178 2058 1221 2096 in
1245 2072 1393 2108 magna
1419 2072 1536 2096 uene·

274 2126 431 2163 ratione
446 2126 620 2163 habetur
635 2125 749 2161 locus
765 2124 845 2171 ille,
868 2123 938 2161 ubi
954 2125 1153 2161 uenturus
1169 2124 1217 2161 ad
1234 2123 1338 2161 hanc
1352 2137 1534 2172 pugnam

274 2191 427 2229 Osuald
449 2191 615 2240 signum
642 2191 803 2227 sanctae
830 2189 958 2227 crucis
985 2189 1122 2237 erexit,
1153 2202 1197 2226 ac
1223 2189 1340 2226 flexis
1360 2189 1534 2238 genibus

274 2257 436 2294 Deum7
468 2257 705 2305 deprecatus
736 2257 807 2302 est,
841 2257 887 2292 ut
913 2254 957 2292 in
984 2256 1098 2292 tanta
1128 2268 1265 2292 rerum
1292 2255 1533 2293 necessitate

273 2322 356 2359 suis
388 2321 613 2359 cultoribus
645 2320 809 2358 caelesti
841 2321 1094 2357 succurreret
1124 2320 1284 2358 auxilio.
1345 2320 1534 2369 Denique

316 2420 325 2436 ¹
352 2421 449 2449 -runt
462 2418 512 2450 13¹.
594 2419 605 2436 ²²
629 2420 815 2449 uesaniam
828 2418 872 2448 M.
886 2418 993 2456 QH„
1072 2420 1082 2435 ³
1104 2418 1310 2457 tyranniam
1329 2418 1368 2449 N.
1446 2417 1457 2435 ⁴
1481 2428 1533 2449 os-

272 2471 393 2501 uualdi
410 2472 445 2502 C.
536 2472 547 2488 ⁵
571 2471 721 2501 daenises
736 2471 849 2500 burna
867 2471 891 2501 C
910 2480 917 2508 3
941 2470 1100 2500 denisacs
1116 2471 1258 2500 brunna
1275 2470 1316 2501 N.
1413 2471 1424 2489 ⁶
1448 2473 1535 2500 There

273 2526 299 2553 is
322 2534 360 2552 πο
386 2526 474 2553 break
497 2526 617 2553 beluven
641 2526 742 2559 cltaps.
760 2525 782 2552 i.
800 2526 864 2552 (wid
881 2525 913 2552 1'2’.
931 2524 966 2552 in
988 2525 1032 2552 tlzc
1049 2526 1106 2553 text
1120 2524 1155 2559 of
1166 2523 1202 2553 C.
1250 2525 1305 2552 lec
1325 2526 1395 2552 narr
1416 2525 1535 2559 chapter

272 2578 298 2605 is
313 2578 476 2605 numbered
492 2577 526 2606 z‘z'.
546 2578 578 2605 in
596 2578 663 2614 text,
681 2578 732 2605 but
748 2577 794 2605 iii.
812 2577 845 2605 in
862 2577 1004 2611 capitula.
1116 2573 1126 2590 ⁷
1150 2574 1336 2605 dominum
1353 2574 1398 2605 M.

1559 1521 1580 1550 f·
1598 1530 1634 1556 45
1648 1531 1675 1555 a.
