1803 2887
264 152 465 192 CAP.V111.]
497 157 501 160 ’
663 145 815 186 Gentis
848 145 1115 199 Awgylorum.
1439 144 1518 183 143

316 260 455 297 Huius
487 261 626 298 autem
664 259 836 309 uirginis
870 260 956 297 Deo
991 259 1146 297 dicatae
1184 259 1315 296 multa
1351 259 1518 308 quidem

261 324 311 362 ab
340 325 486 362 incolis
514 325 592 362 loci
619 324 734 362 illius
763 325 920 362 solent¹
951 338 1072 374 opera
1101 324 1306 362 uirtutum
1336 326 1376 361 et
1403 325 1519 373 signa

261 390 554 427 miraculorum
592 403 722 439 usque
762 389 883 427 hodie
922 389 1085 428 narrari.
1147 389 1306 427 Uerum
1354 402 1430 426 nos
1469 389 1519 426 de

261 455 436 492 transitu
480 456 645 492 tantum
693 454 814 499 illius,
859 469 939 504 quo
983 454 1170 493 caelestia
1213 467 1340 504 regna
1383 453 1514 502 petiit,

261 519 416 568 aliquid
436 520 616 557 breuiter
636 520 768 557 dicere
789 520 974 558 sufficiat.

314 584 555 622 Inminente
582 598 675 634 ergo
705 585 769 622 die
798 598 893 622 suae
922 584 1159 631 uocationis,
1186 584 1318 633 coepit
1348 584 1517 622 circuire

259 649 304 687 in
330 651 580 688 monasterio
604 651 760 689 casulas
790 651 1052 688 infirmarum
1073 650 1228 688 Christi
1254 650 1514 697 famularum,

259 727 482 765 earumque
510 717 576 753 uel
604 717 792 763 maxime,
819 729 920 765 quae
946 716 1013 753 uel
1043 718 1172 753 aetate
1199 717 1425 764 prouectae,
1450 715 1517 752 uel

258 781 458 829 probitate
489 783 604 819 erant
634 795 798 819 morum
832 781 1090 830 insigniores.
1153 781 1336 829 Quarum
1366 794 1408 818 se
1438 794 1520 818 om-.

259 845 377 883 nium
398 847 585 895 precibus
605 847 820 885 humiliter
835 848 1138 894 commendans,
1157 846 1318 884 obitum
1333 845 1518 894 proxime

260 923 394 958 suum,
432 925 554 960 quem
594 913 845 950 reuelatione
885 912 1088 959 didicerat,
1128 925 1212 949 non
1246 911 1394 949 celauit
1432 924 1519 948 esse

258 976 455 1015 futurum.
528 977 659 1025 Quam
689 978 898 1026 „uidelicet
940 978 1233 1016 reuelationem
1281 976 1519 1014 huiusmodi

259 1055 348 1080 esse
374 1043 638 1091 perhibebat:
672 1043 827 1081 uidisse
853 1044 920 1081 se2
939 1044 1170 1081 albatorum
1190 1045 1396 1081 cateruam
1422 1051 1425 1093 ᾗ
1454 1043 1520 1079 ho-

259 1111 423 1146 minum
455 1109 564 1147 idem
598 1110 897 1148 monasterium
931 1110 1111 1157 intrare3
1146 1110 1305 1158 hosque
1334 1122 1357 1146 a
1388 1121 1430 1146 se
1461 1108 1519 1145 in-

257 1176 495 1223 te1·rogatOS‚
540 1175 637 1224 quid
683 1178 934 1224 quaererent,
978 1177 1049 1213 aut
1097 1175 1195 1224 quid
1244 1175 1302 1212 ibi
1345 1175 1513 1218 uellent,

256 1240 522 1288 respondisse,
557 1242 666 1289 quod
706 1241 756 1279 ob
796 1241 872 1278 hoc
910 1241 980 1278 illo
994 1242 1005 1259 ²³
1045 1241 1200 1279 fuerint
1235 1240 1437 1286 destinati,
1471 1242 1517 1277 ut

257 1317 428 1342 aureum
462 1305 567 1343 illud
602 1306 818 1351 nomisma,
854 1307 960 1355 quod
995 1320 1041 1344 eo
1073 1307 1123 1345 de
1154 1306 1300 1344 Cantia
1334 1307 1512 1353 uenerat,

255 1383 395 1408 secum
417 1371 694 1409 adsumerent.
747 1371 842 1421 Ipsa
862 1374 1000 1409 autem
1023 1374 1151 1415 nocte,
1169 1372 1213 1409 in
1234 1372 1348 1409 cuius
1368 1371 1517 1408 ultima

253 1438 378 1485 parte,
404 1437 443 1473 id
471 1439 531 1474 est
555 1437 776 1486 incipiente
803 1451 957 1485 aurora,
982 1438 1206 1487 praesentis
1234 1438 1381 1475 mundi
1407 1439 1514 1474 tene-

254 1501 345 1539 bras
372 1503 578 1540 transiens
605 1516 824 1552 supernam
853 1503 1047 1552 migrauit
1072 1503 1121 1541 ad
1152 1503 1298 1551 lucem,
1323 1502 1447 1540 multi
1468 1504 1517 1540 de

254 1567 448 1605 fratribus
468 1569 650 1606 eiusdem
671 1569 918 1616 monasterii,
938 1569 1008 1618 qui
1027 1569 1118 1607 aliis
1135 1571 1250 1607 erant
1271 1569 1315 1606 in
1332 1569 1512 1615 aedibus,

253 1632 335 1670 iam
374 1634 592 1672 manifeste
631 1647 673 1671 se
712 1636 934 1672 concentus
971 1635 1212 1684 angelorum
1250 1634 1515 1684 psallentium

254 1699 414 1736 audisse
454 1699 694 1747 referebant,
739 1701 807 1738 sed
848 1702 888 1738 et
927 1700 1111 1738 sonitum
1151 1700 1266 1749 quasi
1314 1700 1516 1749 plurimae

254 1764 536 1802 multitudinis
577 1765 877 1803 monasterium
920 1766 1216 1815 i11gredientis;
1266 1767 1375 1803 unde
1418 1780 1515 1803 mox

255 1831 406 1880 egressi
427 1831 689 1880 dignoscere⁴
717 1832 814 1880 quid
836 1833 952 1880 esset,
977 1832 1171 1869 uiderunt
1193 1832 1327 1869 lucem
1349 1832 1516 1869 caelitus

254 1896 445 1933 emissam
474 1896 599 1934 fuisse
627 1897 937 1945 permaximam,
964 1910 1066 1946 quae
1089 1899 1273 1935 sanctam
1300 1897 1415 1934 illam
1436 1898 1517 1935 ani-

255 1975 366 1999 mam
406 1962 539 1999 carnis
576 1962 756 2000 uinculis
794 1963 1026 2000 absolutam
1064 1963 1114 2000 ad
1154 1964 1318 2000 aeterna
1362 1963 1516 2012 patriae

255 2027 437 2064 caelestis
465 2028 611 2076 gaudia
641 2028 822 2066 ducebat.
884 2029 1059 2066 Addunt
1095 2030 1134 2065 et
1169 2028 1256 2075 alia,
1293 2042 1394 2077 quae
1428 2029 1516 2078 ipsa

255 2094 373 2129 nocte
402 2093 444 2130 in
477 2093 725 2131 monasterio
755 2093 899 2131 eodem
930 2093 1131 2130 diuinitus
1164 2093 1319 2131 fuerint
1352 2096 1517 2132 ostensa

254 2157 469 2201 miracula3
501 2159 571 2195 sed
598 2159 696 2196 haec
723 2172 798 2196 nos
821 2159 871 2196 ad
892 2159 969 2196 alia
989 2159 1216 2207 tendentes,
1242 2159 1326 2196 suis
1352 2172 1516 2197 narrare

255 2224 547 2272 permittimus.
608 2225 827 2273 Sepultum
858 2228 918 2263 est
946 2227 1084 2262 autem
1109 2239 1254 2274 corpus
1281 2225 1515 2263 uenerabile

255 2289 427 2338 uirginis
441 2292 480 2327 et
494 2303 665 2338 sponsae
679 2291 832 2328 Christi
845 2291 888 2328 in
903 2291 1070 2329 ecclesia
1082 2291 1190 2328 beati
1204 2291 1516 2341 protomartyris

257 2354 479 2403 Stephani;
509 2356 742 2405 placuitque
770 2358 862 2405 post
884 2357 992 2394 diem
1014 2356 1196 2404 tertium,
1221 2358 1268 2394 ut
1295 2357 1407 2406 lapiS,
1434 2371 1514 2406 quo

258 2422 576 2459 monumentum
603 2422 825 2471 tegebatur,
850 2424 1120 2469 amoueretur,
1147 2424 1187 2460 et
1214 2422 1338 2460 altius
1362 2423 1449 2472 ipso
1470 2422 1513 2459 in

302 2517 312 2537 ¹
336 2520 452 2550 solent
470 2531 529 2551 om.
546 2521 591 2551 M.
756 2520 768 2537 2
792 2532 826 2551 se
844 2525 941 2552 added
957 2524 1043 2552 abore
1061 2524 1105 2552 the
1122 2524 1180 2552 line
1197 2524 1260 2552 bom
1280 2525 1312 2552 ῖη
1330 2522 1378 2553 Μ.
1394 2526 1458 2553 and
1475 2524 1514 2555 B.

258 2570 269 2588 ³
293 2571 377 2602 illuc
394 2573 428 2603 C.
533 2572 545 2590 4
569 2574 730 2605 uolentes
750 2577 820 2605 add.
842 2574 897 2606 N2.

1543 269 1639 302 Story
1654 270 1690 296 of

1543 308 1684 336 Earoon-

1543 349 1628 382 gota,
