1803 2887
201 147 277 178 CAP.
294 142 435 185 XXVI.]
603 136 755 179 Gentis
786 137 1058 192 Asnylorum.
1399 141 1454 180 47

198 250 360 299 uiendo,
394 252 569 290 uerbum
598 252 717 299 uitae,
754 253 903 302 quibus
933 254 1135 301 poterant,
1170 253 1450 302 praedicando,

198 320 343 355 cuncta
359 317 482 355 huius
500 317 647 355 mundi
663 317 778 355 uelut
797 317 931 355 aliena
946 318 1187 367 spernendo,
1208 332 1254 356 ea
1273 320 1450 366 tantum,

199 395 301 431 quae
316 383 445 420 uictui
460 382 683 420 necessaria
698 382 952 430 uidebantur,
973 383 1023 421 ab
1040 383 1109 430 eis,
1127 397 1229 432 quos
1243 384 1450 429 docebant,

196 447 440 496 accipiendo,
461 448 689 485 secundum
705 461 760 494 ea,
782 461 884 496 quae
905 449 1112 496 docebant,
1133 449 1212 498 ipsi
1231 463 1303 498 per
1318 450 1456 488 onmia

196 513 387 561 uiuendo,
420 514 460 550 et
490 514 680 562 paratum
709 514 759 551 ad
794 513 1035 562 patiendum
1059 515 1231 552 aduersa
1258 528 1450 564 quaeque,

196 578 263 616 uel
303 579 428 616 etiam
466 577 729 616 moriendum
767 592 840 628 pro
884 592 938 626 ea,
983 592 1106 628 quam
1152 580 1450 628 praedicabant,

195 643 369 682 ueritate
388 643 576 681 animum
596 643 796 682 habendo.
858 644 964 691 Quid
980 657 1094 682 mora
1107 646 1127 682 ‘?
1184 645 1453 684 Crediderunt

196 708 387 747 nonnulli
418 710 457 745 et
486 708 808 757 baptizabantur,
833 709 1032 747 mirantes
1061 709 1371 758 simplicitatem
1397 711 1454 749 in·

194 774 381 812 nocentis
397 773 515 821 uitae,
535 787 579 811 ac
600 774 860 812 dulcedinem
877 775 1082 812 doctrinae
1099 789 1239 813 eorum
1257 777 1449 815 caelestis.

194 840 293 877 Erat
313 841 450 877 autem
471 853 595 888 prope
615 839 747 888 ipsam
768 839 977 878 ciuitatem
998 841 1047 878 ad
1069 840 1268 878 orientem
1289 842 1455 880 ecclesia

196 904 241 942 in
259 906 457 942 honorem
483 918 551 942 san
559 905 612 942 cti
631 905 800 943 Martini
819 905 1048 954 antiquitus
1067 906 1182 953 facta,
1203 906 1302 944 dum
1322 907 1452 945 adhuc

194 970 370 1008 Romani
400 970 649 1008 Brittaniam
683 971 921 1019 incolerent,
958 971 1002 1008 in
1032 984 1111 1020 qua
1144 971 1293 1020 regina,
1329 986 1453 1021 quam

194 1035 472 1074 Christianam
499 1035 625 1073 fuisse
653 1036 942 1084 praediximus,
975 1049 1087 1074 orare
1117 1039 1339 1076 consuerat.
1401 1038 1453 1075 In

190 1101 266 1138 hac
287 1114 381 1150 ergo
403 1102 443 1138 et
457 1101 537 1150 ipsi
556 1101 691 1150 primo
707 1101 937 1149 conuenire,
958 1101 1141 1150 psallere,
1162 1115 1287 1151 orare,
1308 1103 1454 1141 missas

192 1166 334 1214 facere,
358 1167 597 1215 praedicare,
623 1168 664 1204 et
690 1167 892 1216 baptizare
918 1169 1166 1216 coeperunt;
1197 1169 1335 1216 donec,
1361 1182 1454 1217 rege

196 1232 246 1270 ad
275 1232 400 1270 fidem
436 1245 642 1280 conuerso,
680 1233 878 1270 maiorem
908 1233 1168 1282 praedicandi
1198 1247 1271 1282 per
1301 1235 1449 1281 onmia,

195 1299 235 1335 et
259 1297 446 1335 ecclesias
466 1297 694 1336 fabricandi
714 1298 782 1335 uel
801 1298 1058 1336 restaurandi
1078 1298 1287 1337 licentiam
1307 1300 1454 1349 accipe-

192 1366 296 1401 rent.

242 1430 301 1467 At
321 1429 392 1466 ubi
412 1428 498 1478 ipse
525 1428 650 1466 etiam
675 1428 784 1466 inter
802 1428 903 1467 alios
922 1428 1144 1467 delectatus
1164 1430 1250 1468 uita
1268 1430 1449 1468 mundis-

190 1494 295 1532 sima
314 1496 560 1542 sanctorum,
585 1496 626 1531 et
645 1494 858 1543 promissis
886 1507 1026 1532 eorum
1052 1495 1320 1545 suauissimis‚
1345 1509 1448 1545 quae

189 1573 284 1598 uera
318 1573 405 1597 esse
434 1559 723 1598 miraculorum
760 1573 920 1609 quoque
951 1562 1179 1599 multorum
1215 1561 1449 1599 ostensione

189 1625 467 1673 firmauerant,
514 1625 682 1663 credens
720 1625 949 1674 baptizatus
992 1629 1063 1675 est,
1107 1641 1272 1676 coepere
1309 1627 1449 1676 plures

188 1690 363 1729 cotidie¹
398 1691 447 1728 ad
468 1691 721 1729 audiendum
754 1691 930 1729 uerbum
965 1693 1180 1740 confluere,
1214 1706 1269 1741 ac,
1306 1693 1448 1730 relicto

188 1756 432 1807 gentilitatis
470 1756 563 1804 ritu,
597 1756 749 1794 unitati
783 1770 826 1794 se
865 1760 1029 1796 sanctae
1067 1758 1222 1796 Christi
1260 1759 1448 1796 ecclesiae

189 1822 389 1861 credendo
423 1822 582 1859 sociare.
645 1822 830 1870 Quorum
868 1823 964 1861 fidei
999 1826 1039 1861 et
1073 1824 1360 1862 conuersioni2
1393 1824 1449 1862 ita

188 1887 495 1937 congratulatus
526 1900 612 1925 esse
645 1901 715 1925 rex
748 1888 997 1936 perhibetur,
1036 1891 1082 1927 ut
1112 1890 1277 1927 nullum
1309 1892 1449 1927 tamen

188 1955 346 2003 cogeret
362 1954 411 1991 ad
427 1952 790 1991 Christianismum
808 1968 817 2001 ;
847 1955 917 1992 sed
933 1955 1223 1992 tantummodo
1239 1955 1449 1993 credentes

189 2019 331 2058 artiori
364 2019 591 2063 dilectione,
629 2019 746 2067 quasi
776 2019 964 2057 conciues
993 2020 1071 2057 sibi
1102 2020 1218 2069 regni
1249 2020 1443 2059 caelestis.

188 2084 510 2133 amplecteretur.
561 2084 766 2122 Didicerat
782 2085 894 2122 enim
915 2098 937 2122 a
955 2085 1187 2123 doctoribus
1203 2086 1450 2124 auctoribus-

189 2163 268 2199 que
296 2162 391 2187 suae
425 2149 573 2187 salutis
602 2149 818 2187 seruitium
850 2150 1004 2188 Christi
1035 2151 1329 2199 uoluntarium,
1364 2165 1448 2189 non

187 2215 423 2253 coacticium
444 2228 530 2252 esse
552 2215 705 2253 debere.
767 2215 851 2252 Nec
878 2216 1050 2264 distulit,
1077 2216 1187 2265 quin'
1205 2217 1328 2254 etiam
1349 2217 1449 2266 ipsis

186 2280 418 2318 doctoribus
444 2280 529 2318 suis
560 2280 697 2318 locum
731 2281 838 2318 sedis
871 2295 1012 2319 eorum
1046 2282 1190 2331 gradui
1220 2295 1447 2331 congruum

185 2345 229 2383 in
255 2346 487 2383 Doruuerni
516 2346 735 2395 metropoli
766 2360 838 2384 sua
865 2347 1046 2395 donaret,
1084 2347 1209 2385 simul
1241 2350 1281 2385 et
1310 2361 1445 2385 neces-

186 2411 311 2449 sarias
330 2411 373 2448 in
395 2411 568 2449 diuersis
587 2412 795 2461 speciebus
814 2413 1092 2461 possessiones
1113 2413 1328 2452 conferret.

381 2508 388 2525 ¹
413 2510 477 2540 cot.
496 2512 625 2540 *Inserted
640 2513 726 2540 above
742 2513 787 2541 the
803 2512 863 2541 line
879 2513 913 2541 in
931 2511 975 2549 M,
990 2514 1124 2548 perhaps
1141 2514 1177 2548 by
1196 2510 1253 2542 M2.

629 2563 641 2580 2
667 2565 928 2596 conuersationi
946 2565 1003 2596 M&

1474 1442 1621 1477 Baptism
1638 1444 1673 1468 os

1473 1482 1655 1510 Ethelbert,
