1803 2887
62 2048 174 2076 f.68a

243 163 321 194 CAP.
339 162 448 193 XXVI
454 160 494 202 1.]
639 154 790 196 Gentis
821 156 1092 210 Aozylorum.
1414 156 1495 196 193

242 270 501 318 moriturum,
519 283 704 320 egressus
719 273 780 309 est
792 273 976 321 tempore
991 272 1195 310 matutino
1212 273 1261 310 de
1276 271 1492 319 cubiculo¹,

242 334 287 372 in
317 348 398 383 quo
428 335 584 373 infirmi
615 336 888 385 quiescebant,
913 339 952 375 et
981 338 1165 376 residens
1195 338 1306 375 solus
1334 338 1378 374 in
1409 336 1496 374 loco

243 403 454 449 oportuno,
478 401 609 449 coepit
629 401 795 439 sedulus
815 402 990 451 cogitare
1003 404 1052 440 de
1064 403 1221 441 actibus
1234 403 1327 450 suis,
1349 403 1387 439 et
1408 414 1498 438 con-

242 468 421 515 punctus
440 466 638 503 memoria
664 468 924 515 peccatorum
951 481 1119 506 suorum
1148 468 1293 506 faciem
1317 466 1497 505 lacrimis

243 531 442 579 abluebat,
467 532 589 580 atque
613 531 762 569 intimo
791 545 841 569 ex
871 533 989 571 corde
1008 534 1144 571 Deum
1165 533 1415 582 precabatur,
1445 544 1497 569 ne

244 596 374 634 adhuc
403 597 508 634 mori
535 596 710 644 deberet,
734 598 974 647 priusquam
1004 599 1071 636 uel
1099 599 1338 647 praeteritas
1366 597 1498 647 negle-

243 661 412 711 gentias,
438 675 537 711 quas
556 662 601 699 in
619 662 793 711 pueritia
812 665 900 701 siue
919 663 1095 701 infantia
1121 664 1390 711 commiserat,
1415 676 1500 712 per-

243 727 388 765 fectius
416 740 465 764 ex
488 729 673 776 tempore
697 728 916 778 castigaret,
940 729 1009 766 uel
1032 730 1076 767 in
1101 729 1220 767 bonis
1244 742 1286 766 se
1311 728 1501 778 operibus

243 792 551 831 habundantius
588 796 800 832 exerceret.
879 794 1008 832 Uouit
1046 795 1171 832 etiam
1208 797 1365 841 uotum,
1408 794 1502 842 quia

245 858 343 896 adeo
376 859 614 908 peregrinus
651 859 792 897 uiuere
830 859 969 907 uellet,
1013 862 1059 898 ut
1097 873 1325 909 numquam
1362 860 1407 896 in
1444 859 1501 896 in-

246 924 390 971 sulam,
423 924 468 961 in
501 937 580 973 qua
607 926 729 962 natus
761 927 832 973 est,
866 925 908 962 id
936 927 998 963 est
1029 925 1289 973 Brittaniam,
1322 925 1500 971 rediret;

246 989 340 1038 quia
354 991 513 1038 praeter
528 989 793 1027 sollemnem²
806 991 990 1028 canonici
1002 990 1201 1039 temporis
1215 990 1497 1039 psalmodiam,

246 1055 281 1093 si
300 1068 384 1093 non
404 1054 596 1092 ualetudo
617 1056 792 1104 corporis
817 1055 1029 1094 obsisteret
1042 1057 1066 1105 3,
1091 1056 1237 1094 cotidie
1262 1056 1502 1105 psalterium

246 1122 381 1158 totum
404 1119 449 1157 in
475 1120 719 1158 memoriam
740 1120 903 1159 diuinae
930 1121 1063 1160 laudis
1092 1122 1353 1169 decantaret;
1383 1120 1503 1170 quia4

245 1186 290 1224 in
315 1186 430 1224 omni
455 1185 684 1234 septimana
707 1186 817 1224 diem
847 1200 941 1224 cum
968 1189 1085 1225 nocte
1108 1188 1272 1225 ieiunus
1294 1187 1498 1225 transiret.

248 1252 435 1300 Cumque
468 1251 599 1288 finitis
636 1251 825 1299 lacrimis,
868 1252 1065 1301 precibus,
1104 1255 1144 1291 et
1183 1254 1291 1290 uotis
1330 1253 1499 1290 domum

246 1317 407 1364 rediret,
431 1316 592 1354 inuenit
621 1316 802 1355 sodalem
832 1318 1132 1365 dormientem3
1163 1321 1203 1356 et
1228 1319 1314 1367 ipse
1344 1330 1504 1367 quoque

246 1381 446 1420 lectulum
493 1383 780 1430 conscendens,
823 1383 954 1432 coepit
1000 1384 1044 1421 in
1092 1384 1273 1433 quietem
1320 1383 1506 1421 membra

246 1447 391 1486 laxare.
464 1448 519 1486 Et
550 1461 644 1486 cum
674 1448 891 1498 paululum
929 1450 1163 1498 quiesceret,
1200 1449 1505 1498 expergefactus

248 1513 398 1551 sodalis
435 1514 613 1562 respexit
652 1526 758 1561 eum,
797 1516 838 1551 et
868 1514 950 1552 ait:
997 1515 1051 1552 ‘O
1085 1515 1212 1553 frater
1242 1515 1463 1564 Ecgbercte
1477 1514 1500 1562 5,

249 1592 271 1616 o
309 1579 407 1628 quid
445 1578 609 1617 fecisti?
678 1579 909 1628 Sperabam,
953 1580 1049 1629 quia
1094 1581 1244 1629 pariter
1290 1581 1339 1618 ad
1376 1580 1506 1618 uitam

251 1646 461 1682 aeternam
480 1645 738 1683 intraremus.
800 1645 1103 1684 Uerumtamen
1125 1646 1226 1684 scito
1238 1646 1260 1694 ¹³,
1280 1647 1383 1695 quia,
1405 1659 1507 1695 quae

250 1710 478 1759 postulasti,
502 1710 699 1759 accipies.’
756 1710 964 1749 Didicerat
992 1711 1105 1749 enim
1134 1725 1205 1761 per
1233 1711 1437 1749 uisionem
1467 1714 1507 1749 et

252 1775 350 1825 quid
389 1775 460 1813 ille
497 1775 678 1825 petisset,
716 1778 756 1814 et
795 1776 889 1825 quia
921 1778 1048 1825 petita
1084 1777 1340 1826 inpetrasset.
1401 1777 1508 1825 Quid

251 1842 416 1880 multa?
464 1841 561 1890 Ipse
580 1841 791 1879 Edilhun⁷
811 1844 998 1890 proxima
1027 1846 1146 1880 nocte
1170 1843 1387 1881 defunctus
1419 1846 1479 1881 est
1499 1857 1508 1890 3

251 1909 292 1946 at
324 1920 420 1945 uero
454 1907 701 1956 Ecgberect⁵
733 1907 900 1945 decussa
929 1908 1118 1946 molestia
1148 1908 1390 1957 egritudinis
1421 1921 1510 1946 con—

251 1971 394 2020 ualuit,
418 1985 464 2010 ac
492 1971 626 2010 multo
655 1973 795 2021 postea
821 1974 1006 2020 tempore
1035 1972 1193 2020 uiuens,
1218 1975 1510 2023 acceptumque

251 2037 464 2075 sacerdotii
510 2037 684 2087 gradum
710 2036 714 2087 Ι
739 2037 953 2086 condignis
1000 2050 1150 2076 ornans
1196 2038 1363 2085 actibus,
1418 2040 1511 2087 post

251 2104 385 2142 multa
403 2103 608 2142 uirtutum
626 2104 743 2150 bona,
764 2106 811 2142 ut
831 2103 919 2152 ipse
939 2103 1202 2151 desiderabat,
1221 2117 1362 2152 nuper,
1387 2104 1429 2142 id
1451 2105 1511 2141 est

252 2183 361 2207 anno
398 2169 627 2207 dominicae
673 2169 966 2207 incarnationis
1005 2167 1363 2217 DCCXXVHIIO,
1416 2182 1510 2207 cum
1535 2177 1643 2206 Death
1658 2178 1726 2204 and

254 2236 358 2273 esset
387 2234 472 2284 ipse
502 2247 708 2272 annorum
734 2234 817 2283 XO,
842 2235 1037 2284 migrauit
1066 2235 1117 2273 ad
1150 2248 1274 2284 regna
1307 2234 1506 2273 caelestia.
1535 2218 1714 2292 {3²33ssss

254 2300 380 2338 Duxit
406 2302 545 2338 autem
571 2300 701 2338 uitam
725 2301 770 2338 in
795 2313 946 2350 magna
976 2300 1236 2349 humilitatis,
1273 2302 1511 2339 mansuetu·
1535 2306 1602 2326 Μ’·
1621 2306 1679 2333 729·

300 2426 311 2443 ¹
336 2426 452 2457 cubilo
475 2426 522 2457 M.
539 2426 582 2457 N.
601 2425 687 2466 (with
708 2429 754 2456 the
777 2426 790 2456 l
812 2429 929 2456 written
952 2436 1017 2456 orer
1039 2437 1059 2456 a
1082 2428 1137 2465 c);
1162 2425 1206 2457 cf.
1229 2436 1263 2465 p.
1280 2436 1353 2465 222,
1381 2428 1465 2456 note
1489 2425 1511 2457 3.

257 2476 269 2494 ²
291 2480 336 2508 the
350 2481 442 2509 scribe
458 2482 490 2509 at
498 2480 569 2515 first
583 2482 670 2509 wrote
686 2478 963 2509 sollemnitatem
980 2478 1027 2509 M.
1153 2477 1164 2494 ³
1188 2479 1252 2508 -rit
1269 2478 1310 2510 B.
1442 2478 1453 2494 ³
1476 2480 1511 2508 et

257 2530 340 2568 quia
357 2530 394 2561 C.
460 2529 472 2546 ⁵
495 2531 654 2569 ecgberct
670 2530 701 2560 N
716 2540 724 2568 ;
747 2530 892 2561 ecberht
909 2530 946 2561 C.
1023 2529 1034 2546 ⁶
1056 2531 1137 2570 scio,
1155 2533 1254 2560 added
1269 2540 1307 2560 οη
1324 2532 1448 2568 vzccryin
1464 2529 1511 2560 M.

256 2579 267 2597 ⁷
291 2581 398 2613 aedil·
414 2580 452 2613 0¹
467 2582 513 2623 (⁶3)
527 2593 534 2620 ;
558 2582 669 2613 aebel-
686 2581 728 2613 C2
742 2581 801 2623 (⁶3).

875 2648 898 2674 O
