1803 2887
2 2235 4 2238 ,
45 2243 70 2275 tf.
89 2253 121 2281 70
134 2253 160 2273 a.

255 171 332 202 Cn.
350 167 471 209 ΧΧΧ.]
651 162 802 205 Gentis
831 163 1102 218 Anylorum.
1423 168 1505 207 199

251 277 355 323 tiam,
379 289 475 324 qzoae
492 289 561 315 uos
579 281 792 326 uestrosque
811 291 939 317 omnes
958 281 999 317 in
1015 281 1189 318 omnibus
1209 281 1314 319 bonis
1333 283 1506 328 operibns

251 343 437 380 auxiliari
474 343 658 391 (liquetur,
700 347 745 381 ut
779 356 866 382 eum
904 344 1056 383 Christo
1094 347 1136 382 in
1168 346 1308 393 futuro
1344 349 1506 394 reynetz's

250 408 406 444 saeculo.
462 408 701 446 Incolumem
725 411 980 448 excellentiam
1007 414 1175 449 uestram
1192 412 1320 459 qratia
1339 424 1504 459 superna

249 472 462 510 mstodiat?

304 536 404 584 Quis
432 550 529 575 sane
557 551 629 587 pro
659 538 871 588 Uighardo
899 543 1112 589 reppertus
1141 554 1186 579 ac
1213 541 1424 580 dedicatus
1448 542 1501 580 sit

248 601 431 649 antistes,
464 602 568 640 libro
596 606 793 653 sequente
821 605 1063 654 oportunius
1092 606 1257 645 dicetur.

705 758 824 796 CAP.
858 759 993 797 XXX.

251 867 287 895 Ut
303 866 467 895 Orientales
489 867 622 895 Saxones
636 869 762 903 tempore
778 869 972 896 mortalitatis
991 869 1033 896 acl
1049 869 1222 897 ἰιῖοἷαὶνίαηι
1244 869 1363 906 reuersi,
1383 870 1434 898 sed
1446 878 1501 904 per

364 920 548 948 instantiam
563 920 758 948 Ιανῑιηιαηηί
770 917 778 933 ¹
795 921 923 955 episcopi
939 928 1007 948 mor
1021 920 1083 948 sint
1097 921 1136 948 ab
1151 929 1245 948 errore
1261 922 1389 950 correcti.

300 996 449 1034 EODEM
488 998 671 1046 tempore
708 996 942 1046 prouinciae
980 997 1253 1035 Orientalium
1290 998 1499 1036 Saxonum

245 1063 338 1110 post
359 1062 684 1109 Suidhelmqu,
710 1063 760 1100 de
791 1076 870 1112 quo
898 1075 1019 1112 supra
1048 1063 1239 1110 diximus,
1262 1063 1471 1112 praefuere
1488 1064 1500 1083 ³

246 1140 360 1176 reges
380 1127 569 1177 Sigheri4
590 1130 629 1166 et
650 1128 786 1175 Sebbi,
811 1129 1001 1177 quamuis
1029 1128 1109 1177 ipsi
1139 1128 1225 1177 regi
1253 1128 1499 1166 Merciorum

247 1192 483 1231 Uulfheraess
522 1193 703 1232 subiecti.
778 1193 888 1241 Quae
927 1193 1118 1231 uidelicet
1154 1193 1366 1243 prouincia
1404 1207 1498 1232 cum

244 1258 445 1307 praefatae
473 1258 737 1297 mortalitatis
764 1259 876 1297 clade
902 1262 1169 1308 premeretur,
1194 1259 1355 1309 Sigheri
1370 1260 1382 1278 ⁴
1403 1273 1498 1297 cum

243 1336 316 1361 sua
334 1325 449 1373 parte
468 1324 620 1374 populi,
643 1324 795 1362 relictis
816 1325 1070 1363 Christianae
1096 1325 1192 1362 fidei
1217 1325 1493 1373 sacramentis,

242 1386 293 1424 ad
331 1387 578 1435 apostasiam
616 1400 837 1425 conuersus
876 1388 946 1425 est.
1009 1387 1115 1425 Nam
1153 1390 1194 1425 et
1231 1387 1317 1436 ipse
1350 1401 1420 1425 rex
1458 1390 1498 1426 et

241 1451 411 1500 plurimi
448 1453 498 1490 de
530 1452 650 1501 plebe
687 1452 775 1490 siue
813 1453 1091 1502 optimatibus,
1131 1453 1352 1502 diligentes
1390 1453 1497 1492 hanc

243 1517 383 1565 uitam,
422 1519 462 1555 et
493 1518 676 1556 futuram
709 1532 795 1556 non
833 1521 1085 1568 quaerentes,
1123 1519 1211 1556 siue
1249 1519 1374 1557 etiam
1412 1532 1497 1557 non

242 1595 329 1620 esse
356 1584 575 1631 credentes,
601 1586 820 1633 coeperunt
846 1584 951 1632 fana,
983 1597 1086 1633 quae
1115 1584 1307 1622 derelicta
1335 1587 1453 1623 erant
1468 1585 1491 1633 ⁶,

241 1650 476 1697 restaurare,
495 1654 534 1687 et
553 1650 718 1688 adorare
737 1649 965 1698 simulacra,
985 1650 1099 1699 quasi
1119 1663 1191 1698 per
1211 1649 1310 1688 haec
1328 1652 1495 1699 possent

241 1726 264 1751 a
294 1714 545 1752 mortalitate
579 1715 752 1753 defendi.
814 1716 942 1753 Porro
973 1716 1106 1753 socius
1139 1716 1225 1753 eius
1256 1718 1296 1753 et
1329 1716 1496 1754 coheres

240 1780 358 1829 regni
388 1780 581 1828 eiusdem,
620 1780 753 1828 Sebbi,
791 1794 941 1830 magna
973 1780 1099 1818 fidem
1129 1783 1363 1829 perceptam
1399 1794 1493 1819 cum

241 1845 325 1883 suis
363 1845 555 1883 omnibus
593 1846 812 1884 deuotione
850 1846 1039 1893 seruauit,
1076 1859 1236 1894 magna,
1273 1848 1319 1884 ut
1357 1846 1401 1884 in
1440 1860 1495 1885 se-

242 1911 464 1960 quentibus
485 1911 677 1959 dicemus,
702 1912 832 1949 uitam
852 1911 1017 1949 fidelem
1046 1911 1240 1949 felicitate
1270 1912 1489 1961 conpleuit.

242 1975 358 2024 Quod
406 1976 476 2014 ubi
518 1989 587 2014 rex
635 1976 854 2015 Uulfheri⁷
894 1977 1086 2025 conperit,
1129 1976 1255 2014 fidem
1302 1977 1495 2016 uidelicet

240 2043 474 2091 prouinciae
496 2056 544 2080 ex
563 2044 678 2091 parte
697 2043 963 2092 profanatam,
988 2042 1104 2080 misit
1131 2042 1180 2079 ad
1208 2043 1493 2092 corrigendum

240 2120 428 2157 errorem,
453 2108 804 2157 reuocandamque
823 2108 873 2145 ad
893 2107 1018 2145 fidem
1035 2107 1219 2145 ueritatis
1238 2108 1493 2156 prouinciam

240 2173 462 2212 Iaruman³
500 2174 746 2223 episcopum,
785 2173 857 2222 qui
897 2186 1101 2211 successor
1138 2175 1222 2210 erat
1258 2173 1487 2213 Trumheri.

243 2239 249 2283 l
286 2239 365 2287 Qui
402 2239 534 2277 multa
571 2252 696 2289 agens
733 2239 908 2286 solertia,
945 2238 1060 2277 iuxta
1097 2237 1205 2287 quod
1245 2239 1350 2277 mihi
1387 2252 1492 2288 pres-

240 2303 368 2353 byter,
393 2305 464 2354 qui
497 2318 632 2342 comes
662 2304 822 2342 itineris
852 2304 916 2341 illi
948 2306 988 2342 et
1021 2307 1255 2354 cooperator
1285 2305 1400 2343 uerbi
1430 2318 1492 2342 ex-

241 2369 389 2418 titerat,
422 2370 631 2419 referebat,
669 2372 754 2408 erat
794 2370 906 2407 enim
937 2369 1151 2420 religiosus
1181 2373 1222 2409 et
1250 2371 1382 2409 bonus
1410 2370 1484 2418 uir,

282 2474 292 2491 ¹
316 2476 403 2505 iaro-
421 2476 463 2507 N.
573 2475 585 2492 ²
608 2476 841 2506 suithelmum
858 2476 883 2507 C
901 2487 910 2514 3
933 2476 1149 2507 suidelmum
1166 2477 1207 2509 N.
1317 2476 1329 2493 ³
1352 2486 1429 2516 pro·
1446 2476 1491 2507 M.

239 2526 248 2542 ⁴
272 2536 322 2557 -re
339 2526 376 2558 C.
392 2526 446 2559 ΒΞ.
592 2527 604 2545 ⁵
627 2538 677 2558 —re
695 2528 732 2559 C.
750 2528 792 2560 N.
939 2528 950 2545 ⁶
974 2531 1049 2559 erat
1066 2528 1126 2560 Ml.
1144 2529 1198 2561 Nl.
1352 2528 1363 2545 ⁷
1388 2539 1438 2558 -re
1455 2529 1492 2560 C.

239 2577 250 2594 Β
273 2579 367 2609 iuru-
383 2579 420 2609 C.

1521 1268 1683 1303 Apostasy

1522 1308 1589 1335 and
1604 1317 1714 1336 recon-

1522 1347 1649 1375 version
1664 1348 1700 1376 of

1521 1388 1596 1421 part
1610 1386 1646 1414 of

1523 1427 1629 1455 Essex.
