1803 2887
99 400 206 427 Death
222 400 258 428 of

98 439 228 475 Sigfrid,

97 479 179 513 Aug.
198 489 229 506 22
243 489 248 514 ;

96 519 162 544 and
179 519 215 545 of

98 558 265 592 Benedict‚

97 597 173 624 Jan.
195 607 232 625 12.

95 1566 262 1594 Ceolfrid's

94 1606 166 1634 rule
181 1607 247 1633 and

94 1645 275 1675 eharacter.

94 2265 281 2300 Prosperity

95 2307 130 2333 of
139 2305 196 2332 the
206 2313 298 2332 mon-

93 2344 228 2373 asteries

94 2385 199 2412 under
211 2383 292 2412 him.

325 162 411 202 394
717 159 927 202 Historia
958 160 995 201 A
1005 159 1184 202 bbatwm

327 286 412 309 cum
446 274 602 310 haberet
635 274 790 310 fratrem
824 273 946 309 carnis
980 273 1133 318 quidem
1159 272 1231 308 sibi
1257 272 1584 318 consanguinitate

326 333 547 378 proximum,
567 333 630 368 sed
648 332 778 377 inopia
795 332 916 368 cordis
934 344 956 367 a
974 345 1011 368 se
1026 331 1243 377 longissime
1257 331 1472 366 distantem.

378 401 429 434 17.
454 390 691 426 Constitutus
710 393 765 426 est
784 392 912 426 autem
930 390 983 424 ibi
1001 391 1115 425 abbas
1130 389 1337 425 Ceolfridus
1355 389 1469 425 tertio
1487 402 1585 426 anno

326 449 426 494 regis
443 449 605 483 Aldfridi
616 449 638 490 ¹,
657 448 864 483 indictione
879 448 1009 493 prima,
1023 450 1156 492 quarto
1169 447 1299 482 iduum
1314 447 1498 482 Maiarum
1513 448 1583 489 die,

326 507 390 552 qui
425 509 506 542 erat
540 519 661 541 annus
694 509 848 542 octauus
874 518 919 542 ex
953 518 1024 551 quo
1051 505 1320 541 monasterium
1348 505 1450 540 beati
1477 505 1586 540 Pauli

326 566 562 600 fundauerat.
614 565 662 600 Et
682 566 811 600 eodem
832 577 930 600 anno
954 564 1180 600 uenerabilis
1206 564 1320 598 abbas
1345 566 1383 598 et
1406 563 1584 599 diaconus

326 624 521 669 Sigfridus,
557 624 670 668 longa
705 625 878 658 excoctus
912 622 1137 667 egritudine,
1172 621 1353 666 migrauit
1387 622 1433 656 ad
1470 634 1586 667 regna

326 681 513 724 caelestia,
542 682 614 716 -ΧΙ-
641 681 714 716 kal.
766 681 996 726 Septembris
1010 680 1033 725 2,
1061 680 1174 716 tertio
1210 692 1323 724 quam
1356 680 1470 715 abbas
1506 692 1583 716 esse

325 742 501 784 caeperat
515 751 625 775 anno.
669 739 790 781 Porro,
806 741 895 773 anni
914 739 1104 783 sequentis
1123 740 1293 782 exordiis,
1308 738 1347 772 id
1360 741 1427 779 est,
1442 737 1515 772 -11-³
1533 738 1582 773 id.

325 799 403 833 Ian.
454 798 533 833 Deo
564 798 725 833 dilectus
759 798 856 832 abba
887 798 1124 840 Benedictus
1153 800 1191 833 et
1224 798 1303 843 ipse
1331 799 1414 842 post
1448 797 1584 842 longae

325 855 516 891 caminum
555 855 799 899 infirmitatis,
841 855 881 889 in
916 867 990 900 qua
1023 856 1101 891 Deo
1132 868 1280 900 semper
1306 867 1417 900 agere
1444 855 1585 901 gratias

325 914 479 955 solebat,
510 914 678 958 requiem
712 903 910 958 lucemque
944 914 1047 950 uitae
1082 914 1232 950 celestis
1269 913 1375 957 adiit,
1406 913 1513 947 annis
1544 913 1585 947 in

325 972 511 1018 regimine
529 971 786 1007 monasteriali
804 972 966 1007 sedecim
985 972 1136 1008 exactis.

377 1033 427 1066 18.
455 1030 546 1066 Octo
561 1031 699 1075 quippe
713 1030 726 1048 ‘¹
743 1042 859 1065 annos
878 1030 956 1075 ipse
975 1030 1078 1066 beati
1097 1030 1197 1066 Petri
1212 1029 1373 1075 apostoli
1395 1031 1583 1065 monaste-

326 1088 424 1124 rium
443 1089 610 1134 regebat,
630 1091 667 1124 et
685 1088 777 1124 alios
795 1088 956 1124 totidem
975 1089 1092 1124 etiam
1109 1089 1212 1125 beati
1232 1088 1338 1123 Pauli
1357 1087 1584 1124 monasterio

325 1159 393 1192 per
416 1147 648 1183 Ceolfridum
676 1159 803 1182 curam
827 1146 1085 1191 inpendebat;
1112 1159 1270 1192 quorum
1294 1146 1450 1191 primis5
1474 1147 1587 1180 11110r

323 1206 434 1240 annis
448 1205 720 1241 monasterium
735 1205 837 1240 beati
858 1205 968 1247 Petri,
983 1205 1080 1240 sicut
1099 1206 1271 1250 superius
1290 1205 1501 1250 expositum
1516 1207 1584 1246 est,

322 1264 593 1309 AEosterwyni6
634 1263 818 1306 adiutore,
863 1264 1123 1309 gubernabat;
1162 1264 1403 1309 sequentibus
1439 1263 1584 1298 tribus⁷

323 1323 538 1368 Sigfridum‚
556 1321 692 1357 ultimo
704 1322 945 1365 Ceoffridum,
960 1323 1123 1358 habebat
1156 1325 1158 1364 Ι
1192 1322 1349 1368 regendi
1361 1324 1582 1357 consortem.

324 1381 501 1425 Sepultus
528 1383 583 1416 est
610 1376 749 1415 autem'
765 1381 993 1416 Benedictus
1018 1381 1058 1415 in
1085 1381 1232 1426 porticu
1258 1380 1361 1416 beati
1396 1380 1508 1423 Petri,
1537 1381 1585 1415 ad

324 1441 510 1476 orientem
536 1439 676 1480 altaris,
704 1440 767 1474 ubi
790 1441 1027 1485 postmodum
1055 1440 1171 1476 etiam
1198 1439 1585 1476 reuerentissimorum

322 1500 502 1534 abbatum
521 1498 769 1534 Easterwini⁶
787 1501 825 1534 et
844 1498 1001 1544 sigfridi
1019 1501 1105 1534 sunt
1123 1511 1204 1534 ossa
1220 1499 1414 1534 translata.

375 1568 427 1602 19.
454 1558 531 1600 Quo
550 1557 597 1591 ad
614 1557 736 1591 uitam
754 1557 939 1591 translato
958 1557 1003 1592 de
1021 1560 1150 1598 morte,
1168 1556 1375 1592 Ceolfridus
1389 1555 1582 1601 utriusque

323 1615 554 1656 monasterii,
574 1615 636 1650 uel
657 1615 785 1660 potius
805 1615 913 1649 unius
935 1615 1154 1650 monasterii
1179 1615 1321 1649 duobus
1340 1614 1380 1648 in
1397 1614 1488 1650 locis
1507 1615 1583 1660 siti,

322 1686 448 1709 curam
485 1673 659 1718 suscepit,
696 1676 733 1709 et
767 1685 836 1718 per
875 1685 990 1708 annos
1030 1673 1168 1719 uiginti
1211 1676 1357 1718 septem
1404 1673 1585 1718 uigilanti

322 1732 494 1768 sollertia
520 1731 688 1767 seruauit
700 1733 722 1767 ὅ.
790 1732 881 1767 Erat
900 1732 1000 1767 enim
1026 1732 1085 1767 uir
1107 1744 1194 1767 acer
1221 1731 1387 1777 ingenio,
1413 1734 1584 1767 strenuus

322 1794 420 1835 actu,
440 1792 587 1826 feruens
613 1791 692 1826 zelo
720 1790 880 1832 iustitie,
909 1791 1069 1836 flagrans
1094 1802 1220 1826 amore
1248 1790 1359 1825 simul
1386 1792 1424 1825 et
1448 1790 1584 1826 timore

322 1850 463 1893 diuino,
495 1860 646 1884 seuerus
681 1849 720 1883 in
748 1849 994 1894 corripiendis
1024 1849 1281 1894 peccantibus,
1315 1847 1420 1883 mitis
1453 1848 1494 1882 in
1526 1860 1585 1883 re-

323 1907 499 1943 fouendis
520 1907 816 1952 paenitentibus,
842 1907 1029 1943 studiosus
1057 1907 1097 1941 in
1118 1907 1309 1942 seruandis
1331 1906 1583 1951 docendisque

322 1965 504 2011 regularis
530 1965 633 2001 uitae
661 1965 825 2009 statutis,
844 1965 1031 2011 benignus
1057 1965 1095 1999 in
1117 1965 1343 2010 pauperibus
1371 1965 1583 2000 recreandis

321 2027 436 2068 atque
456 2023 664 2058 elemosina
681 2023 815 2061 danda,
835 2023 959 2069 largus
978 2022 1095 2059 etiam
1119 2023 1158 2057 in
1178 2022 1341 2067 pecunia
1359 2023 1420 2058 uel
1445 2034 1489 2058 ea
1513 2035 1584 2067 que

321 2082 522 2126 petebatur
547 2081 731 2123 donanda,
759 2081 821 2116 uel
854 2093 899 2117 ea
925 2092 1020 2125 quae
1049 2080 1122 2126 ipsi
1152 2081 1385 2115 donabatur⁹
1410 2092 1584 2117 remune-

321 2140 448 2183 randa,
468 2139 681 2174 orationum
708 2141 746 2174 et
772 2139 1002 2184 psalmodiae
1029 2138 1207 2184 religiosa
1226 2138 1438 2183 frequentia
1456 2150 1580 2174 curam

320 2206 466 2241 gerens.

370 2263 424 2287 20.
452 2253 583 2297 Itaque
618 2251 857 2294 monasteria,
892 2252 1024 2297 quibus
1059 2253 1247 2297 praeerat,
1282 2254 1321 2286 et
1360 2251 1583 2287 extrinsecis

323 2311 560 2346 abundanter
580 2311 714 2356 opibus
738 2314 776 2346 et
801 2322 875 2346 non
899 2310 1023 2345 minus
1043 2310 1294 2355 locupletauit
1318 2309 1478 2345 internis
1490 2310 1525 2352 ¹⁰,
1545 2313 1583 2345 et

367 2386 375 2403 ¹
401 2386 523 2416 alfridi
539 2388 566 2417 δ.
687 2385 698 2402 ²
723 2387 949 2417 semtembris
967 2386 1013 2417 H.
1147 2386 1157 2402 ³
1180 2385 1296 2425 pridie
1313 2386 1340 2416 δ.
1445 2385 1456 2402 ⁴
1480 2386 1583 2424 quin·

322 2450 390 2479 que
407 2441 432 2471 δ.
569 2441 580 2458 ⁵
602 2441 739 2480 primus
755 2442 782 2471 δ.
923 2439 935 2455 ¹⁵
958 2439 1157 2484 esterwino,
1178 2440 1231 2469 —ni
1249 2440 1275 2470 δ.
1416 2437 1428 2454 ⁷
1451 2440 1582 2479 quippe

323 2493 438 2523 tribus
455 2493 481 2523 δ.
583 2491 594 2507 ⁸
618 2493 774 2523 seruabit
792 2492 838 2524 H.
887 2495 1012 2522 Instead
1028 2494 1063 2529 of
1075 2496 1083 2508 ⁶
1098 2492 1283 2530 utriusque
1301 2515 1309 2522 .
1327 2514 1335 2521 .
1355 2515 1362 2522 .
1379 2514 1387 2521 .
1405 2492 1560 2522 seruabit
1574 2492 1581 2503 ’

324 2545 351 2576 δ.
368 2546 543 2574 substitutes
551 2545 637 2581 from
652 2545 758 2575 Bede’s
767 2544 850 2575 Vita
862 2545 953 2575 Abb.
968 2555 993 2575 c.
1009 2553 1047 2583 15
1062 2555 1069 2575 :
1091 2544 1252 2582 *utrique
1264 2544 1479 2574 monasterio
1495 2567 1502 2575 .
1521 2566 1528 2575 .
1549 2567 1556 2574 .
1573 2567 1581 2575 .

325 2598 491 2640 perficere
508 2597 667 2631 curauit)
754 2599 766 2617 ⁹
789 2600 934 2630 -bantur
950 2599 996 2631 H.
1086 2598 1110 2616 ¹⁰
1134 2598 1286 2629 interius
1301 2599 1331 2630 δ.

1609 391 1708 419 Baed.

1609 431 1625 467 ξ
1645 439 1685 464 ¹4-

1606 1035 1648 1063 ib.

1605 1328 1627 1358 f.
1645 1331 1680 1358 26
1694 1330 1723 1358 b.

1605 1562 1649 1592 ib.
1669 1565 1685 1600 ξ
1704 1572 1742 1598 15.

1605 2255 1647 2285 ib.
