1803 2887
80 1375 187 1402 Death
203 1376 239 1402 Of

80 1414 224 1448 wilfrid,

79 1463 106 1482 A.
117 1463 145 1481 D.
163 1463 222 1489 709.

315 147 399 187 322
671 142 722 183 H
725 141 880 184 istoria
911 141 1215 183 Ecclesiasticd
1427 146 1512 188 [Lm.
1528 147 1568 180 V.

314 258 596 305 Constantino,
609 271 653 296 ac
666 257 894 295 monachus
901 256 1043 303 factus,
1055 256 1104 293 ad
1118 255 1264 292 limina
1276 253 1565 303 apostolorum,

313 324 356 361 in
394 323 591 372 precibus,
633 322 807 370 ieiuniis,
850 323 890 359 et
927 320 1169 370 elimosynis
1207 332 1337 368 usque
1371 319 1421 356 ad
1460 318 1570 355 diem

314 388 539 437 permansit
568 387 793 434 ultimum;
822 387 1065 424 succedente
1094 386 1139 422 in
1170 397 1344 433 regnum
1373 383 1571 421 Ceolredo

313 453 399 491 filio
437 451 684 500 Aedilredi¹,
727 452 798 501 qui
835 455 931 490 ante
972 452 1109 500 ipsum
1148 448 1421 489 Coinredum2
1460 449 1571 486 idem

313 532 488 567 regnum
527 518 704 556 tenebat.
780 518 908 556 Uenit
946 520 1085 555 autem
1124 529 1218 553 cum
1259 515 1332 553 illo
1377 516 1417 552 et
1460 513 1571 551 filius

313 584 502 633 Sigheri3
548 583 653 632 regis
703 583 976 621 Orientalium
1026 583 1248 628 Saxonum,
1291 580 1406 618 cuius
1450 591 1572 628 supra

312 649 593 695 meminimus,
646 649 843 686 uocabulo
897 648 997 695 Offa,
1050 647 1212 685 iuuenis
1267 644 1572 683 amantissimae

311 714 455 752 aetatis
484 716 524 751 et
552 714 793 760 uenustatis,
828 715 1016 762 totaeque
1045 726 1140 750 suae
1170 711 1283 760 genti
1312 712 1361 749 ad
1393 710 1572 748 tenenda

311 779 592 828 seruandaque
626 779 741 828 regni
775 781 931 827 sceptra
969 777 1310 826 exoptatissimus.
1369 775 1448 823 Qui
1481 774 1571 824 pari

312 844 459 881 ductus
506 844 725 881 deuotione
773 843 938 891 mentis,
990 842 1158 891 reliquit
1206 854 1387 888 uxorem,
1439 852 1566 889 agros,

311 911 515 957 cognatos,
559 911 600 946 et
639 909 812 958 patriam
851 910 1017 958 propter
1054 907 1275 954 Christum,
1320 908 1360 943 et
1407 906 1572 954 propter

311 975 585 1023 euangelium,
622 976 667 1012 ut
698 974 742 1011 in
773 975 848 1011 hac
880 974 965 1011 uita
1003 973 1244 1022 centuplum
1284 971 1492 1020 acciperet,
1531 971 1572 1007 et

311 1035 355 1073 in
386 1037 545 1075 saeculo
580 1039 757 1075 uenturo
797 1037 929 1074 uitam
968 1038 1189 1074 aeternam.
1251 1035 1305 1072 Et
1338 1034 1423 1082 ipse
1461 1046 1567 1081 ergo,

312 1101 382 1139 ubi
412 1103 461 1139 ad
488 1102 575 1139 loca
604 1104 743 1140 sancta
770 1103 946 1140 Romam
972 1102 1261 1150 peruenerunt,
1296 1100 1503 1145 adtonsus,
1532 1099 1570 1135 et

311 1167 355 1204 in
394 1167 634 1205 monachico
674 1168 804 1205 uitam
842 1167 987 1205 habitu
1029 1167 1236 1215 conplens‚
1278 1165 1328 1203 ad
1367 1164 1571 1202 uisionem

310 1232 523 1270 beatorum
552 1233 831 1282 apostolorum
859 1232 903 1269 in
934 1232 1056 1270 caelis
1084 1231 1154 1269 diu
1187 1230 1457 1268 desideratam
1486 1242 1572 1278 per-

311 1298 438 1336 uenit.

365 1364 522 1401 Eodem
561 1377 657 1401 sane
694 1377 814 1407 anno,
859 1377 938 1413 quo
978 1363 1021 1400 hi
1060 1361 1308 1399 Brittaniam
1352 1360 1565 1409 reliquere,

309 1429 485 1467 antistes
513 1429 688 1467 eximius
718 1428 872 1467 Uilfrid
900 1430 992 1478 post
1021 1429 1101 1466 XL
1130 1429 1170 1465 et
1199 1427 1238 1465 V
1267 1438 1388 1465 annos
1416 1424 1570 1473 accepti

308 1496 544 1542 episcopetdus
572 1494 682 1532 diem
712 1495 857 1532 clausit
886 1496 1118 1531 extremum
1147 1493 1191 1530 in
1222 1491 1441 1541 prouincia,
1467 1503 1571 1540 quae

309 1561 476 1597 uocatur
512 1561 788 1606 summumne,-
830 1572 1044 1608 eorfflcsque
1082 1559 1171 1596 eius
1207 1558 1339 1596 loculo
1373 1557 1566 1605 inditum,

308 1625 512 1673 perlatum
537 1627 598 1663 est
623 1625 668 1662 in
694 1625 991 1662 monasterium
1018 1624 1158 1673 ipsius,
1184 1624 1292 1672 quod
1319 1622 1470 1660 dicitur
1498 1623 1569 1660 In-

307 1691 485 1738 ltryfflcm,
519 1692 559 1728 et
590 1689 704 1728 iuxta
737 1690 937 1727 honorem
975 1691 1091 1727 tanto
1124 1688 1311 1738 pontifici
1341 1701 1569 1737 congruum

251 1772 255 1776 -
308 1755 353 1792 in
386 1754 553 1793 ecclesia
586 1755 694 1792 beati
726 1757 887 1803 apostoli
916 1757 1020 1793 Petri
1054 1755 1275 1804 sepultum.
1337 1754 1398 1791 De
1428 1753 1570 1791 cuius⁴

80 1900 177 1932 Story
188 1897 223 1925 of
231 1897 284 1925 his

81 1938 145 1965 life.

309 1822 419 1858 statu
440 1821 560 1867 uitae,
585 1823 631 1858 ut
658 1821 707 1858 ad
735 1821 869 1869 priora
895 1821 1144 1869 repedantes,
1171 1819 1320 1868 paucis,
1343 1832 1445 1867 quae
1471 1820 1570 1856 sunt

308 1888 432 1935 gesta,
464 1899 751 1933 memoremus,
781 1898 867 1924 cum
894 1889 986 1924 esset
1006 1898 1110 1934 puer
1132 1887 1249 1923 bonde
1274 1885 1422 1932 i‘ndolis,
1446 1886 1570 1933 atque

308 1953 485 1989 aetatem
515 1951 700 1989 moribus
730 1952 943 1999 transiens,
969 1951 1024 1989 ita
1050 1965 1092 1988 se
1121 1952 1305 1988 modeste
1335 1952 1375 1987 et
1405 1950 1570 1987 circum-

312 2019 447 2065 specte
486 2017 531 2054 in
570 2017 763 2054 omnibus
801 2019 968 2066 gereret,
1012 2019 1059 2054 ut
1098 2016 1244 2054 merito
1282 2029 1305 2053 a
1346 2015 1571 2053 maioribus

309 2081 425 2130 quasi
454 2095 562 2119 unus
592 2095 640 2118 ex
670 2081 769 2130 ipsis
797 2084 1016 2129 amaretur,
1050 2082 1323 2128 ueneraretur,
1358 2080 1572 2129 amplecte·

311 2149 435 2193 retur,
453 2147 525 2184 ubi
541 2148 694 2184 XIIII
697 2154 746 2172 um
763 2148 908 2185 aetatis
929 2147 1101 2196 contigit
1117 2159 1281 2193 ameum,
1299 2145 1570 2183 monasticam

310 2212 524 2249 saeculari⁵
540 2212 670 2250 uitam
686 2213 891 2261 praetulit.
940 2212 1054 2260 Quod
1071 2212 1141 2249 ubi
1160 2211 1265 2260 patri
1279 2224 1354 2248 suo
1370 2210 1565 2257 narrauit,

311 2277 393 2315 iam
424 2278 538 2315 enim
571 2280 701 2315 mater
731 2278 896 2324 obierat,
930 2278 1108 2315 libenter
1136 2277 1223 2314 eius
1256 2276 1365 2314 uotis
1393 2289 1438 2313 ac
1471 2276 1571 2313 desi-

312 2342 461 2380 deriisG
496 2343 737 2380 caelestibus
774 2343 932 2391 adnuit,
976 2355 1154 2391 eumque
1190 2342 1343 2390 coeptis
1380 2341 1571 2379 insistere

355 2463 365 2480 ¹
389 2464 474 2493 edil—
492 2464 545 2501 N;
569 2463 672 2493 aeoil-
692 2464 726 2493 C.
873 2461 883 2478 ²
907 2464 1026 2493 conin-
1043 2464 1073 2494 N
1091 2473 1097 2501 ;
1122 2472 1220 2492 coen-
1240 2462 1278 2493 O.
1432 2461 1443 2478 ³
1465 2471 1515 2491 -re
1532 2461 1568 2492 C.

312 2516 322 2532 ⁴
346 2516 446 2546 cuius
458 2518 557 2546 added
572 2526 611 2546 οη
627 2518 751 2552 margin
768 2514 815 2546 Μ.
914 2515 926 2533 ⁵
949 2515 1121 2554 singulari
1139 2512 1176 2545 CL
1196 2525 1204 2552 ;
1227 2514 1265 2544 id
1281 2516 1334 2545 est
1350 2514 1499 2544 seculari
1518 2512 1567 2544 0².

312 2568 323 2586 ⁶
347 2568 459 2598 -ribus
476 2567 520 2598 M.

1595 782 1763 810 Luc.xviii.

1596 831 1638 857 ²9,
1655 831 1708 856 3o;

1596 861 1714 890 Matth.

1594 900 1658 928 xix.
1675 910 1718 935 29,

1596 949 1649 974 303
1672 940 1732 967 Mc.

1594 988 1624 1007 x.
1640 989 1683 1016 29,
1699 988 1742 1013 30.

1593 1891 1634 1921 ib.
1652 1900 1677 1921 c.
1694 1902 1718 1920 2.
