1803 2887
33 1962 53 1990 “.
70 1963 102 1990 62
117 1972 143 1990 a.

261 155 340 187 CAP.
359 153 498 194 XXIV.]
662 146 813 188 Gentis
843 147 1112 201 Anylorufm.
1435 147 1516 186 177

261 262 404 300 didicit
433 275 476 301 Se
504 276 608 312 aqua
637 262 895 312 baptismatis
924 276 1009 299 non
1039 275 1126 299 esse
1156 263 1451 310 regeneratum,
1477 264 1517 299 et

260 341 357 365 mox
377 328 490 366 fonte
514 328 666 366 lauacri
692 328 881 366 salutaris
901 327 1077 374 ablutus,
1103 328 1227 364 etiam
1249 327 1515 375 postmodum

261 394 311 431 ad
345 394 530 431 ordinem
567 393 811 442 presbyterii
847 394 1062 441 promotus
1100 394 1172 439 est,
1206 391 1434 440 multisque
1473 392 1517 428 in

262 459 428 497 ecclesia
443 459 558 497 utilis
573 459 651 496 fuit
671 473 678 506 3
704 459 753 496 de
769 471 849 507 quo
864 458 1139 495 dubitandum
1156 471 1237 494 non
1261 457 1513 503 crediderim,

262 524 360 572 quin
401 524 774 571 intercessionibus,
812 525 859 561 ut
898 523 993 571 dixi,
1038 524 1102 560 sui
1139 522 1278 571 patris,
1315 522 1364 559 ad
1404 522 1518 559 cuius

261 602 406 638 corpus
427 589 657 627 dilectionis
682 589 812 638 ipsius
835 588 964 638 gratia
984 590 1162 635 uenerat,
1190 588 1242 625 sit
1268 588 1317 625 ab
1344 587 1517 625 articulo

260 655 407 693 mortis
434 656 629 701 retentus,
653 656 700 692 ut
727 656 766 692 et
791 654 877 702 ipse
904 653 961 691 sic
988 656 1165 691 mortem
1189 653 1378 690 euaderet
1397 655 1518 690 aeter-

261 733 370 768 nam,
404 722 445 758 et
474 720 565 757 aliis
598 733 760 769 quoque
794 719 991 757 fratribus
1024 718 1302 756 ministerium
1335 720 1444 756 uitae
1473 731 1518 755 ac

260 785 406 824 salutis
426 786 606 823 docendo
628 784 848 823 exhiberet.

730 931 850 969 CAP.
884 930 1041 968 XXIV.

264 1044 475 1079 Utpronz'ncz'a
496 1044 687 1077 Mercz‘orum,
707 1044 797 1071 occiso
821 1052 885 1079 resse
901 1044 1015 1079 Pendet,
1029 1044 1126 1078 fldem
1151 1043 1262 1071 shrfstc‘
1285 1042 1468 1077 susceperit:
1493 1043 1519 1069 et

378 1096 482 1133 Osm'u,
496 1104 553 1130 pro
571 1097 679 1130 adelisa
703 1096 844 1131 'uictorisss
856 1097 1058 1131 possessiones
1074 1098 1099 1124 et
1120 1096 1271 1123 territoria
1287 1096 1344 1123 Deo
1368 1095 1409 1123 acl

617 1148 817 1176 construenda
834 1149 1021 1176 monas-teria
1037 1148 1160 1176 dedeo-if.

314 1236 397 1274 H1s
435 1235 688 1284 temporibus
727 1249 799 1273 rex
838 1235 979 1281 Osuiu,
1023 1248 1117 1272 cum
1165 1232 1355 1273 acerbas¹
1396 1235 1518 1282 atque

259 1301 539 1340 intolerabiles
576 1303 787 1350 pateretur
824 1300 1084 1350 inruptiones
1122 1313 1241 1349 saepe
1276 1299 1373 1337 dicti
1412 1298 1519 1348 regis

260 1367 519 1415 Merciorum,
556 1367 626 1416 qui
664 1367 835 1405 fratrem
870 1367 956 1404 eius
991 1367 1201 1414 occiderat,
1237 1366 1287 1404 ad
1320 1365 1518 1403 ultimum

259 1434 501 1472 necessitate
522 1435 692 1482 cogente
717 1432 907 1481 promisit
927 1446 970 1470 se
990 1432 1026 1469 ei
1046 1432 1264 1469 innumera
1285 1434 1325 1469 et
1349 1430 1513 1477 maiora,

259 1512 383 1548 quam
422 1498 530 1536 credi
567 1500 712 1547 potest,
750 1500 991 1536 ornamenta
1030 1497 1138 1547 regia
1176 1497 1243 1534 uel
1274 1497 1441 1534 donaria
1474 1496 1518 1533 in

259 1565 438 1614 pretium
469 1565 578 1613 pacis
611 1564 868 1613 largiturum,
903 1563 1128 1601 dummodo
1159 1563 1230 1600 ille
1260 1563 1431 1600 domum
1462 1575 1519 1599 re-

261 1628 377 1675 diret,
403 1629 443 1665 et
470 1626 702 1676 prouincias
728 1626 845 1675 regni
865 1626 952 1663 eius
972 1639 1102 1674 usque
1122 1625 1171 1663 ad
1199 1625 1517 1663 internicionem

260 1695 420 1731 uastare
451 1693 663 1731 desineret.
725 1693 911 1741 Cumque
950 1705 1020 1730 rex
1059 1692 1239 1740 perfidus
1278 1691 1517 1729 nullatenus

259 1759 447 1808 precibus
485 1758 598 1796 illius
636 1771 849 1796 assensum
888 1758 1110 1807 praeberet,
1150 1757 1221 1806 qui
1260 1759 1391 1795 totam
1431 1756 1519 1794 eius

260 1826 428 1873 gentem
457 1837 480 1862 a
513 1837 639 1873 paruo
670 1836 800 1873 usque
829 1824 879 1861 ad
908 1836 1109 1872 magnum
1140 1823 1274 1860 delere
1303 1825 1427 1870 atque
1458 1835 1520 1860 ex-

260 1890 484 1928 terminare
505 1890 747 1938 decreuerat,
773 1890 950 1939 respexit
970 1889 1041 1927 ille
1061 1889 1110 1926 ad
1132 1888 1296 1926 diuinae
1316 1888 1518 1926 auxilium

260 1955 435 2005 pietatis,
466 1953 470 2006 ἶ
508 1969 588 2005 quo
627 1955 677 1993 ab
716 1955 928 2004 impietate
967 1954 1175 1992 barbarica
1213 1955 1350 2002 posset
1388 1953 1519 2003 eripi;

260 2023 441 2070 uotoque
479 2034 521 2059 se
560 2021 771 2070 obligans:
821 2020 888 2058 ‘Si
927 2020 1137 2069 paganus,'
1177 2019 1324 2068 inquit,
1367 2019 1520 2057 ‘nescit

260 2086 440 2135 accipere
469 2088 610 2125 nostra
638 2086 816 2133 donaria,
851 2086 1069 2124 offeramus
1100 2085 1147 2133 ei,
1177 2085 1249 2134 qui
1279 2084 1406 2133 nouit,
1439 2085 1519 2122 Do-

260 2152 376 2190 mino
397 2153 483 2190 Deo
510 2152 678 2190 nostro.'
735 2151 864 2190 Uouit
891 2164 995 2200 ergo,
1022 2150 1126 2199 quia,
1152 2150 1186 2188 si
1216 2150 1346 2188 uictor
1375 2151 1520 2188 existe-

261 2220 322 2255 ret
335 2218 358 2266 ²,
383 2217 513 2256 filiam
543 2231 659 2255 suam
687 2218 868 2255 Domino
897 2230 1009 2254 sacra
1038 2216 1274 2265 uirginitate
1304 2216 1520 2253 dicandam

263 2283 434 2331 offerret,
478 2283 606 2321 simul
645 2284 686 2320 et
725 2282 814 2320 XII
852 2281 1129 2331 possessiones
1171 2281 1432 2330 praediorum
1469 2281 1520 2318 ad

264 2349 537 2387 construenda
564 2348 814 2386 monasteria
845 2348 1041 2394 donaret,
1080 2349 1122 2384 et
1151 2346 1208 2384 sic
1239 2359 1333 2384 cum
1363 2346 1520 2395 paucis-

264 2414 368 2451 simo
406 2416 585 2452 exercitu
625 2427 667 2451 se
706 2413 920 2450 certamini
958 2412 1081 2450 dedit.
1149 2412 1336 2461 Denique
1373 2412 1514 2459 fertur,

265 2479 358 2528 quia
394 2479 533 2529 tricies
574 2479 771 2516 maiorem
814 2478 960 2528 pagani
1006 2477 1228 2516 habuerint
1267 2477 1519 2524 exercitum,

438 2581 448 2598 1
471 2593 613 2614 aceruus
629 2583 674 2614 M.
692 2582 742 2614 0¹.
757 2581 809 2614 B1.
821 2582 864 2613 N.
1009 2580 1020 2598 ²
1042 2582 1219 2613 exstiterit
1235 2582 1277 2613 B.

877 2648 902 2673 N

1544 1243 1656 1271 Penda

1544 1284 1696 1311 defeated

1544 1324 1610 1351 and
1626 1323 1712 1350 slain

1544 1363 1586 1397 by
1599 1362 1693 1397 Oswy

1544 1405 1579 1429 at
1594 1402 1651 1430 the

1543 1442 1636 1469 Win-

1543 1481 1643 1515 waed,

1543 1520 1625 1547 Nov.
1643 1528 1679 1555 15,

1542 1561 1606 1594 655.
