<?xml version="1.0" encoding="UTF-8"?>
<!DOCTYPE html PUBLIC "-//W3C//DTD XHTML 1.0 Transitional//EN"
    "http://www.w3.org/TR/xhtml1/DTD/xhtml1-transitional.dtd">
<html xmlns="http://www.w3.org/1999/xhtml" xml:lang="en" lang="en">
 <head>
  <title>
</title>
<meta http-equiv="Content-Type" content="text/html;charset=utf-8" />
  <meta name='ocr-system' content='tesseract 3.04.00' />
  <meta name='ocr-capabilities' content='ocr_page ocr_carea ocr_par ocr_line ocrx_word'/>
</head>
<body>
  <div class='ocr_page' id='page_1' title='image "./venerabilisbaeda00bedeuoft_0321.png"; bbox 0 0 1803 2887; ppageno 0'>
   <div class='ocr_carea' id='block_1_1' title="bbox 63 1543 225 1570">
    <p class='ocr_par' dir='ltr' id='par_1_1' title="bbox 63 1543 225 1570">
     <span class='ocr_line' id='line_1_1' title="bbox 63 1543 225 1570; baseline -0.019 0"><span class='ocrx_word' id='word_1_1' title='bbox 63 1543 152 1570; x_wconf 73' lang='lat' dir='ltr'>Rom.</span> <span class='ocrx_word' id='word_1_2' title='bbox 162 1550 190 1569; x_wconf 84' lang='lat' dir='ltr'>x.</span> <span class='ocrx_word' id='word_1_3' title='bbox 203 1551 225 1568; x_wconf 86' lang='lat'>2.</span> 
     </span>
    </p>
   </div>
   <div class='ocr_carea' id='block_1_2' title="bbox 63 1932 177 1967">
    <p class='ocr_par' dir='ltr' id='par_1_2' title="bbox 63 1932 177 1967">
     <span class='ocr_line' id='line_1_2' title="bbox 63 1932 177 1967; baseline 0.009 -8"><span class='ocrx_word' id='word_1_4' title='bbox 63 1932 84 1960; x_wconf 87' lang='lat' dir='ltr'>f.</span> <span class='ocrx_word' id='word_1_5' title='bbox 101 1933 137 1967; x_wconf 84' lang='lat'>46</span> <span class='ocrx_word' id='word_1_6' title='bbox 150 1942 177 1960; x_wconf 86' lang='lat' dir='ltr'>a.</span> 
     </span>
    </p>
   </div>
   <div class='ocr_carea' id='block_1_3' title="bbox 256 157 1510 212">
    <p class='ocr_par' dir='ltr' id='par_1_3' title="bbox 256 157 1510 212">
     <span class='ocr_line' id='line_1_3' title="bbox 256 157 1510 212; baseline 0.001 -15"><span class='ocrx_word' id='word_1_7' title='bbox 256 167 334 200; x_wconf 59' lang='lat' dir='ltr'>Cu.</span> <span class='ocrx_word' id='word_1_8' title='bbox 352 164 428 205; x_wconf 88' lang='lat'>111.]</span> <span class='ocrx_word' id='word_1_9' title='bbox 654 157 804 199; x_wconf 73' lang='lat' dir='ltr'>Gentis</span> <span class='ocrx_word' id='word_1_10' title='bbox 836 157 1105 212; x_wconf 65' lang='lat' dir='ltr'>Angylomm.</span> <span class='ocrx_word' id='word_1_11' title='bbox 1429 161 1449 198; x_wconf 85' lang='grc'>1</span> <span class='ocrx_word' id='word_1_12' title='bbox 1458 160 1510 199; x_wconf 87' lang='grc'>31</span> 
     </span>
    </p>
   </div>
   <div class='ocr_carea' id='block_1_4' title="bbox 253 272 1513 387">
    <p class='ocr_par' dir='ltr' id='par_1_4' title="bbox 253 272 1513 387">
     <span class='ocr_line' id='line_1_4' title="bbox 253 272 1513 321; baseline 0 -11"><span class='ocrx_word' id='word_1_13' title='bbox 253 272 310 310; x_wconf 82' lang='lat' dir='ltr'>ita</span> <span class='ocrx_word' id='word_1_14' title='bbox 339 285 487 311; x_wconf 86' lang='lat' dir='ltr'>sanum</span> <span class='ocrx_word' id='word_1_15' title='bbox 514 272 730 310; x_wconf 81' lang='lat' dir='ltr'>brachium</span> <span class='ocrx_word' id='word_1_16' title='bbox 759 285 1013 321; x_wconf 90' lang='lat' dir='ltr'>manumque</span> <span class='ocrx_word' id='word_1_17' title='bbox 1043 272 1232 321; x_wconf 86' lang='lat' dir='ltr'>repperit,</span> <span class='ocrx_word' id='word_1_18' title='bbox 1267 285 1310 310; x_wconf 87' lang='lat' dir='ltr'>ac</span> <span class='ocrx_word' id='word_1_19' title='bbox 1343 272 1378 309; x_wconf 85' lang='lat' dir='ltr'>si</span> <span class='ocrx_word' id='word_1_20' title='bbox 1405 273 1513 310; x_wconf 85' lang='lat' dir='ltr'><strong>nihil</strong></span> 
     </span>
     <span class='ocr_line' id='line_1_5' title="bbox 253 336 1048 387; baseline 0 -12"><span class='ocrx_word' id='word_1_21' title='bbox 253 351 452 387; x_wconf 86' lang='lat' dir='ltr'>umquam</span> <span class='ocrx_word' id='word_1_22' title='bbox 472 338 579 375; x_wconf 88' lang='lat' dir='ltr'>tanti</span> <span class='ocrx_word' id='word_1_23' title='bbox 600 337 782 387; x_wconf 81' lang='lat' dir='ltr'>langoris</span> <span class='ocrx_word' id='word_1_24' title='bbox 801 338 1012 375; x_wconf 76' lang='lat' dir='ltr'>habuisset</span> <span class='ocrx_word' id='word_1_25' title='bbox 1026 336 1048 375; x_wconf 89' lang='lat'>¹.</span> 
     </span>
    </p>
   </div>
   <div class='ocr_carea' id='block_1_5' title="bbox 758 480 1020 520">
    <p class='ocr_par' dir='ltr' id='par_1_5' title="bbox 758 480 1020 520">
     <span class='ocr_line' id='line_1_6' title="bbox 758 480 1020 520; baseline -0.004 0"><span class='ocrx_word' id='word_1_26' title='bbox 758 482 878 520; x_wconf 82' lang='lat' dir='ltr'><strong>OAP.</strong></span> <span class='ocrx_word' id='word_1_27' title='bbox 913 481 984 519; x_wconf 86' lang='grc' dir='ltr'>ΠΙ</span> <span class='ocrx_word' id='word_1_28' title='bbox 997 480 1020 519; x_wconf 74' lang='lat'>².</span> 
     </span>
    </p>
   </div>
   <div class='ocr_carea' id='block_1_6' title="bbox 255 594 1510 681">
    <p class='ocr_par' dir='ltr' id='par_1_6' title="bbox 255 594 1510 681">
     <span class='ocr_line' id='line_1_7' title="bbox 255 594 1510 631; baseline -0.002 -8"><span class='ocrx_word' id='word_1_29' title='bbox 255 595 291 623; x_wconf 77' lang='lat' dir='ltr'>Ut</span> <span class='ocrx_word' id='word_1_30' title='bbox 307 595 385 622; x_wconf 73' lang='lat' dir='ltr'>idem</span> <span class='ocrx_word' id='word_1_31' title='bbox 402 602 454 623; x_wconf 72' lang='lat' dir='ltr'>rer</span> <span class='ocrx_word' id='word_1_32' title='bbox 463 594 625 629; x_wconf 69' lang='lat' dir='ltr'>postulans</span> <span class='ocrx_word' id='word_1_33' title='bbox 648 595 682 622; x_wconf 79' lang='lat' dir='ltr'>cle</span> <span class='ocrx_word' id='word_1_34' title='bbox 698 595 781 629; x_wconf 72' lang='lat' dir='ltr'>yeme</span> <span class='ocrx_word' id='word_1_35' title='bbox 800 595 965 622; x_wconf 68' lang='lat' dir='ltr'>Scottorum</span> <span class='ocrx_word' id='word_1_36' title='bbox 988 594 1155 621; x_wconf 54' lang='lat' dir='ltr'>antistitem</span> <span class='ocrx_word' id='word_1_37' title='bbox 1174 595 1317 628; x_wconf 69' lang='lat' dir='ltr'>acceperit</span> <span class='ocrx_word' id='word_1_38' title='bbox 1332 594 1510 631; x_wconf 72' lang='lat' dir='ltr'>Az&#39;dcmum,</span> 
     </span>
     <span class='ocr_line' id='line_1_8' title="bbox 319 643 1447 681; baseline 0 -6"><span class='ocrx_word' id='word_1_39' title='bbox 319 647 471 681; x_wconf 75' lang='lat' dir='ltr'>eidemque</span> <span class='ocrx_word' id='word_1_40' title='bbox 489 647 521 673; x_wconf 74' lang='lat' dir='ltr'>in</span> <span class='ocrx_word' id='word_1_41' title='bbox 540 646 643 674; x_wconf 73' lang='lat' dir='ltr'>insula</span> <span class='ocrx_word' id='word_1_42' title='bbox 659 646 915 681; x_wconf 72' lang='lat' dir='ltr'>Lindisfitrnensi</span> <span class='ocrx_word' id='word_1_43' title='bbox 928 643 938 658; x_wconf 68' lang='lat'>²³</span> <span class='ocrx_word' id='word_1_44' title='bbox 954 646 1054 674; x_wconf 72' lang='lat' dir='ltr'>sedem</span> <span class='ocrx_word' id='word_1_45' title='bbox 1070 646 1259 680; x_wconf 66' lang='lat' dir='ltr'>episccqmtns</span> <span class='ocrx_word' id='word_1_46' title='bbox 1275 647 1447 675; x_wconf 57' lang='lat' dir='ltr'>danaum-ii.</span> 
     </span>
    </p>
   </div>
   <div class='ocr_carea' id='block_1_7' title="bbox 306 742 1728 792">
    <p class='ocr_par' dir='ltr' id='par_1_7' title="bbox 306 742 1728 792">
     <span class='ocr_line' id='line_1_9' title="bbox 306 742 1728 792; baseline -0.002 -12"><span class='ocrx_word' id='word_1_47' title='bbox 306 743 416 780; x_wconf 67' lang='lat' dir='ltr'>Imm</span> <span class='ocrx_word' id='word_1_48' title='bbox 437 756 530 792; x_wconf 84' lang='lat' dir='ltr'>ergo</span> <span class='ocrx_word' id='word_1_49' title='bbox 553 743 742 790; x_wconf 67' lang='lat' dir='ltr'>Osua1d4,</span> <span class='ocrx_word' id='word_1_50' title='bbox 769 755 866 780; x_wconf 77' lang='lat' dir='ltr'>mox</span> <span class='ocrx_word' id='word_1_51' title='bbox 890 742 962 779; x_wconf 86' lang='lat' dir='ltr'>ubi</span> <span class='ocrx_word' id='word_1_52' title='bbox 991 755 1166 791; x_wconf 84' lang='lat' dir='ltr'>regnum</span> <span class='ocrx_word' id='word_1_53' title='bbox 1192 743 1382 791; x_wconf 84' lang='lat' dir='ltr'>suscepit,</span> <span class='ocrx_word' id='word_1_54' title='bbox 1408 742 1509 780; x_wconf 85' lang='lat' dir='ltr'>desi·</span> <span class='ocrx_word' id='word_1_55' title='bbox 1532 749 1641 777; x_wconf 80' lang='lat' dir='ltr'>Aidan</span> <span class='ocrx_word' id='word_1_56' title='bbox 1656 753 1728 778; x_wconf 80' lang='lat' dir='ltr'>sent</span> 
     </span>
    </p>
   </div>
   <div class='ocr_carea' id='block_1_8' title="bbox 250 808 1517 2354">
    <p class='ocr_par' dir='ltr' id='par_1_8' title="bbox 250 808 1517 2354">
     <span class='ocr_line' id='line_1_10' title="bbox 251 808 1510 857; baseline -0.001 -11"><span class='ocrx_word' id='word_1_57' title='bbox 251 809 398 847; x_wconf 85' lang='lat' dir='ltr'>derans</span> <span class='ocrx_word' id='word_1_58' title='bbox 424 811 566 855; x_wconf 75' lang='lat' dir='ltr'>totam,</span> <span class='ocrx_word' id='word_1_59' title='bbox 592 808 657 846; x_wconf 90' lang='lat' dir='ltr'>cui</span> <span class='ocrx_word' id='word_1_60' title='bbox 682 821 866 857; x_wconf 85' lang='lat' dir='ltr'>praeesse</span> <span class='ocrx_word' id='word_1_61' title='bbox 891 808 1033 856; x_wconf 79' lang='lat' dir='ltr'>coepit,</span> <span class='ocrx_word' id='word_1_62' title='bbox 1061 809 1229 856; x_wconf 83' lang='lat' dir='ltr'>gentem</span> <span class='ocrx_word' id='word_1_63' title='bbox 1256 808 1351 845; x_wconf 89' lang='lat' dir='ltr'>fidei</span> <span class='ocrx_word' id='word_1_64' title='bbox 1375 808 1510 846; x_wconf 88' lang='lat' dir='ltr'>Chris-</span> 
     </span>
     <span class='ocr_line' id='line_1_11' title="bbox 251 873 1514 923; baseline -0.001 -11"><span class='ocrx_word' id='word_1_65' title='bbox 251 874 386 912; x_wconf 79' lang='lat' dir='ltr'>tianae</span> <span class='ocrx_word' id='word_1_66' title='bbox 415 874 545 923; x_wconf 85' lang='lat' dir='ltr'>gratia</span> <span class='ocrx_word' id='word_1_67' title='bbox 575 874 702 920; x_wconf 78' lang='lat' dir='ltr'>inbui,</span> <span class='ocrx_word' id='word_1_68' title='bbox 731 874 845 911; x_wconf 89' lang='lat' dir='ltr'>cuius</span> <span class='ocrx_word' id='word_1_69' title='bbox 874 873 1158 922; x_wconf 78' lang='lat' dir='ltr'>experimenta</span> <span class='ocrx_word' id='word_1_70' title='bbox 1186 874 1439 922; x_wconf 80' lang='lat' dir='ltr'>permaxima</span> <span class='ocrx_word' id='word_1_71' title='bbox 1469 874 1514 911; x_wconf 92' lang='lat' dir='ltr'>in</span> 
     </span>
     <span class='ocr_line' id='line_1_12' title="bbox 252 939 1515 989; baseline -0.001 -11"><span class='ocrx_word' id='word_1_72' title='bbox 252 939 535 989; x_wconf 75' lang='lat' dir='ltr'>expugnandis</span> <span class='ocrx_word' id='word_1_73' title='bbox 562 939 743 977; x_wconf 86' lang='lat' dir='ltr'>barbaris</span> <span class='ocrx_word' id='word_1_74' title='bbox 773 939 856 976; x_wconf 88' lang='lat' dir='ltr'>iam</span> <span class='ocrx_word' id='word_1_75' title='bbox 886 939 1084 987; x_wconf 57' lang='lat' dir='ltr'>ceperat-²³.</span> <span class='ocrx_word' id='word_1_76' title='bbox 1120 939 1234 976; x_wconf 84' lang='lat' dir='ltr'>misit</span> <span class='ocrx_word' id='word_1_77' title='bbox 1262 939 1311 976; x_wconf 88' lang='lat' dir='ltr'>ad</span> <span class='ocrx_word' id='word_1_78' title='bbox 1341 940 1515 977; x_wconf 82' lang='lat' dir='ltr'>maiores</span> 
     </span>
     <span class='ocr_line' id='line_1_13' title="bbox 252 1004 1516 1054; baseline 0 -11"><span class='ocrx_word' id='word_1_79' title='bbox 252 1007 353 1043; x_wconf 88' lang='lat' dir='ltr'>natu</span> <span class='ocrx_word' id='word_1_80' title='bbox 389 1006 634 1052; x_wconf 73' lang='lat' dir='ltr'>Scottorum,</span> <span class='ocrx_word' id='word_1_81' title='bbox 669 1005 777 1043; x_wconf 89' lang='lat' dir='ltr'>inter</span> <span class='ocrx_word' id='word_1_82' title='bbox 806 1018 908 1054; x_wconf 88' lang='lat' dir='ltr'>quos</span> <span class='ocrx_word' id='word_1_83' title='bbox 938 1004 1107 1042; x_wconf 69' lang='lat' dir='ltr'>exulans</span> <span class='ocrx_word' id='word_1_84' title='bbox 1136 1004 1223 1054; x_wconf 85' lang='lat' dir='ltr'>ipse</span> <span class='ocrx_word' id='word_1_85' title='bbox 1255 1005 1516 1054; x_wconf 85' lang='lat' dir='ltr'>baptismatis</span> 
     </span>
     <span class='ocr_line' id='line_1_14' title="bbox 253 1070 1516 1119; baseline 0.001 -11"><span class='ocrx_word' id='word_1_86' title='bbox 253 1072 506 1108; x_wconf 86' lang='lat' dir='ltr'>sacramenta</span> <span class='ocrx_word' id='word_1_87' title='bbox 527 1084 621 1108; x_wconf 88' lang='lat' dir='ltr'>cum</span> <span class='ocrx_word' id='word_1_88' title='bbox 647 1071 722 1119; x_wconf 83' lang='lat' dir='ltr'>his,</span> <span class='ocrx_word' id='word_1_89' title='bbox 749 1070 821 1119; x_wconf 85' lang='lat' dir='ltr'>qui</span> <span class='ocrx_word' id='word_1_90' title='bbox 841 1083 980 1107; x_wconf 86' lang='lat' dir='ltr'>secum</span> <span class='ocrx_word' id='word_1_91' title='bbox 1005 1072 1131 1111; x_wconf 71' lang='lat' dir='ltr'>erant,</span> <span class='ocrx_word' id='word_1_92' title='bbox 1153 1070 1361 1108; x_wconf 79' lang='lat' dir='ltr'>militibus</span> <span class='ocrx_word' id='word_1_93' title='bbox 1382 1084 1516 1109; x_wconf 88' lang='lat' dir='ltr'>conse-</span> 
     </span>
     <span class='ocr_line' id='line_1_15' title="bbox 253 1135 1515 1184; baseline 0.001 -11"><span class='ocrx_word' id='word_1_94' title='bbox 253 1139 372 1174; x_wconf 86' lang='lat' dir='ltr'>cutus</span> <span class='ocrx_word' id='word_1_95' title='bbox 401 1138 511 1183; x_wconf 55' lang='lat' dir='ltr'>erat,</span> <span class='ocrx_word' id='word_1_96' title='bbox 540 1137 693 1184; x_wconf 87' lang='lat' dir='ltr'>petens,</span> <span class='ocrx_word' id='word_1_97' title='bbox 731 1138 777 1174; x_wconf 86' lang='lat' dir='ltr'>ut</span> <span class='ocrx_word' id='word_1_98' title='bbox 807 1135 885 1173; x_wconf 83' lang='lat' dir='ltr'>sibi</span> <span class='ocrx_word' id='word_1_99' title='bbox 915 1135 1151 1173; x_wconf 73' lang='lat' dir='ltr'>mitteretur</span> <span class='ocrx_word' id='word_1_100' title='bbox 1178 1136 1363 1177; x_wconf 81' lang='lat' dir='ltr'>antistes,</span> <span class='ocrx_word' id='word_1_101' title='bbox 1399 1137 1515 1174; x_wconf 88' lang='lat' dir='ltr'>cuius</span> 
     </span>
     <span class='ocr_line' id='line_1_16' title="bbox 253 1201 1510 1250; baseline 0 -11"><span class='ocrx_word' id='word_1_102' title='bbox 253 1201 436 1240; x_wconf 84' lang='lat' dir='ltr'>doctrina</span> <span class='ocrx_word' id='word_1_103' title='bbox 457 1214 501 1238; x_wconf 88' lang='lat' dir='ltr'>ac</span> <span class='ocrx_word' id='word_1_104' title='bbox 525 1201 757 1239; x_wconf 86' lang='lat' dir='ltr'>ministerio</span> <span class='ocrx_word' id='word_1_105' title='bbox 779 1214 888 1250; x_wconf 53' lang='lat' dir='ltr'>gens</span> <span class='ocrx_word' id='word_1_106' title='bbox 915 1213 1040 1249; x_wconf 86' lang='lat' dir='ltr'>quam</span> <span class='ocrx_word' id='word_1_107' title='bbox 1062 1201 1237 1249; x_wconf 74' lang='lat' dir='ltr'>regebat,</span> <span class='ocrx_word' id='word_1_108' title='bbox 1264 1202 1510 1250; x_wconf 84' lang='lat' dir='ltr'>Anglorum,</span> 
     </span>
     <span class='ocr_line' id='line_1_17' title="bbox 253 1266 1517 1315; baseline 0.001 -10"><span class='ocrx_word' id='word_1_109' title='bbox 253 1266 478 1305; x_wconf 78' lang='lat' dir='ltr'>dominicae</span> <span class='ocrx_word' id='word_1_110' title='bbox 504 1266 602 1304; x_wconf 89' lang='lat' dir='ltr'>fidei</span> <span class='ocrx_word' id='word_1_111' title='bbox 631 1269 670 1304; x_wconf 86' lang='lat' dir='ltr'>et</span> <span class='ocrx_word' id='word_1_112' title='bbox 699 1267 806 1304; x_wconf 66' lang='lat' dir='ltr'>dona</span> <span class='ocrx_word' id='word_1_113' title='bbox 836 1266 1020 1313; x_wconf 79' lang='lat' dir='ltr'>disceret,</span> <span class='ocrx_word' id='word_1_114' title='bbox 1046 1268 1085 1304; x_wconf 93' lang='lat' dir='ltr'>et</span> <span class='ocrx_word' id='word_1_115' title='bbox 1118 1267 1368 1315; x_wconf 46' lang='lat' dir='ltr'>susciperet&amp;</span> <span class='ocrx_word' id='word_1_116' title='bbox 1395 1281 1517 1306; x_wconf 87' lang='lat' dir='ltr'>sacra-</span> 
     </span>
     <span class='ocr_line' id='line_1_18' title="bbox 252 1332 1514 1383; baseline 0 -12"><span class='ocrx_word' id='word_1_117' title='bbox 252 1335 404 1371; x_wconf 84' lang='lat' dir='ltr'>menta.</span> <span class='ocrx_word' id='word_1_118' title='bbox 466 1333 608 1381; x_wconf 86' lang='lat' dir='ltr'>Neque</span> <span class='ocrx_word' id='word_1_119' title='bbox 641 1333 851 1382; x_wconf 88' lang='lat' dir='ltr'>aliquanto</span> <span class='ocrx_word' id='word_1_120' title='bbox 885 1332 1053 1380; x_wconf 80' lang='lat' dir='ltr'>tardius,</span> <span class='ocrx_word' id='word_1_121' title='bbox 1095 1333 1204 1381; x_wconf 90' lang='lat' dir='ltr'>quod</span> <span class='ocrx_word' id='word_1_122' title='bbox 1238 1333 1370 1382; x_wconf 82' lang='lat' dir='ltr'>petiit,</span> <span class='ocrx_word' id='word_1_123' title='bbox 1406 1334 1514 1383; x_wconf 89' lang='lat' dir='ltr'>inpe-</span> 
     </span>
     <span class='ocr_line' id='line_1_19' title="bbox 250 1397 1514 1448; baseline 0.001 -12"><span class='ocrx_word' id='word_1_124' title='bbox 250 1399 402 1446; x_wconf 88' lang='lat' dir='ltr'>trauit;</span> <span class='ocrx_word' id='word_1_125' title='bbox 433 1399 583 1448; x_wconf 83' lang='lat' dir='ltr'>accepit</span> <span class='ocrx_word' id='word_1_126' title='bbox 610 1412 789 1447; x_wconf 88' lang='lat' dir='ltr'>namque</span> <span class='ocrx_word' id='word_1_127' title='bbox 816 1397 1054 1446; x_wconf 86' lang='lat' dir='ltr'>pontificem</span> <span class='ocrx_word' id='word_1_128' title='bbox 1078 1398 1299 1436; x_wconf 85' lang='lat' dir='ltr'>Aedanum</span> <span class='ocrx_word' id='word_1_129' title='bbox 1328 1412 1514 1437; x_wconf 79' lang='lat' dir='ltr'>summae</span> 
     </span>
     <span class='ocr_line' id='line_1_20' title="bbox 251 1464 1510 1513; baseline 0 -10"><span class='ocrx_word' id='word_1_130' title='bbox 251 1465 592 1512; x_wconf 79' lang='lat' dir='ltr'>mansuetudinis,</span> <span class='ocrx_word' id='word_1_131' title='bbox 635 1467 675 1502; x_wconf 85' lang='lat' dir='ltr'>et</span> <span class='ocrx_word' id='word_1_132' title='bbox 713 1464 887 1513; x_wconf 87' lang='lat' dir='ltr'>pietatis,</span> <span class='ocrx_word' id='word_1_133' title='bbox 930 1476 974 1501; x_wconf 82' lang='lat' dir='ltr'>ac</span> <span class='ocrx_word' id='word_1_134' title='bbox 1021 1464 1316 1502; x_wconf 84' lang='lat' dir='ltr'>moderaminis</span> <span class='ocrx_word' id='word_1_135' title='bbox 1361 1466 1510 1512; x_wconf 89' lang='lat' dir='ltr'>uirum,</span> 
     </span>
     <span class='ocr_line' id='line_1_21' title="bbox 253 1528 1514 1579; baseline 0 -11"><span class='ocrx_word' id='word_1_136' title='bbox 253 1531 557 1579; x_wconf 81' lang='lat' dir='ltr'>habentemque</span> <span class='ocrx_word' id='word_1_137' title='bbox 573 1530 707 1567; x_wconf 82' lang='lat' dir='ltr'>zelum</span> <span class='ocrx_word' id='word_1_138' title='bbox 724 1529 811 1577; x_wconf 84' lang='lat' dir='ltr'>Dei,</span> <span class='ocrx_word' id='word_1_139' title='bbox 834 1528 1025 1578; x_wconf 83' lang='lat' dir='ltr'>quamuis</span> <span class='ocrx_word' id='word_1_140' title='bbox 1042 1542 1125 1566; x_wconf 89' lang='lat' dir='ltr'>non</span> <span class='ocrx_word' id='word_1_141' title='bbox 1146 1529 1269 1578; x_wconf 90' lang='lat' dir='ltr'>plene</span> <span class='ocrx_word' id='word_1_142' title='bbox 1284 1532 1514 1568; x_wconf 87' lang='lat' dir='ltr'>secundum</span> 
     </span>
     <span class='ocr_line' id='line_1_22' title="bbox 253 1595 1514 1644; baseline 0 -10"><span class='ocrx_word' id='word_1_143' title='bbox 253 1596 476 1634; x_wconf 82' lang='lat' dir='ltr'>scientiam.</span> <span class='ocrx_word' id='word_1_144' title='bbox 539 1595 729 1644; x_wconf 82' lang='lat' dir='ltr'>Namque</span> <span class='ocrx_word' id='word_1_145' title='bbox 759 1595 892 1633; x_wconf 79' lang='lat' dir='ltr'>diem⁷</span> <span class='ocrx_word' id='word_1_146' title='bbox 924 1595 1097 1643; x_wconf 81' lang='lat' dir='ltr'>paschae</span> <span class='ocrx_word' id='word_1_147' title='bbox 1124 1595 1377 1634; x_wconf 82' lang='lat' dir='ltr'>dominicum</span> <span class='ocrx_word' id='word_1_148' title='bbox 1401 1610 1514 1634; x_wconf 85' lang='lat' dir='ltr'>more</span> 
     </span>
     <span class='ocr_line' id='line_1_23' title="bbox 253 1659 1516 1710; baseline 0.001 -11"><span class='ocrx_word' id='word_1_149' title='bbox 253 1675 348 1700; x_wconf 88' lang='lat' dir='ltr'>suae</span> <span class='ocrx_word' id='word_1_150' title='bbox 391 1662 525 1710; x_wconf 82' lang='lat' dir='ltr'>gentis</span> <span class='ocrx_word' id='word_1_151' title='bbox 540 1661 562 1708; x_wconf 31' lang='grc' dir='ltr'>ᾗ,</span> <span class='ocrx_word' id='word_1_152' title='bbox 607 1661 724 1698; x_wconf 87' lang='lat' dir='ltr'>cuius</span> <span class='ocrx_word' id='word_1_153' title='bbox 764 1659 925 1709; x_wconf 86' lang='lat' dir='ltr'>saepius</span> <span class='ocrx_word' id='word_1_154' title='bbox 962 1660 1218 1698; x_wconf 86' lang='lat' dir='ltr'>mentionem</span> <span class='ocrx_word' id='word_1_155' title='bbox 1262 1661 1445 1709; x_wconf 76' lang='lat' dir='ltr'>fecimus,</span> <span class='ocrx_word' id='word_1_156' title='bbox 1493 1676 1516 1700; x_wconf 84' lang='lat' dir='ltr'>a</span> 
     </span>
     <span class='ocr_line' id='line_1_24' title="bbox 253 1725 1514 1776; baseline 0 -11"><span class='ocrx_word' id='word_1_157' title='bbox 253 1727 411 1765; x_wconf 79' lang='lat' dir='ltr'>XIIIIa</span> <span class='ocrx_word' id='word_1_158' title='bbox 438 1727 537 1764; x_wconf 85' lang='lat' dir='ltr'>luna</span> <span class='ocrx_word' id='word_1_159' title='bbox 564 1739 693 1776; x_wconf 84' lang='lat' dir='ltr'>usque</span> <span class='ocrx_word' id='word_1_160' title='bbox 719 1727 769 1764; x_wconf 90' lang='lat' dir='ltr'>ad</span> <span class='ocrx_word' id='word_1_161' title='bbox 797 1726 927 1763; x_wconf 50' lang='lat' dir='ltr'>XX?m</span> <span class='ocrx_word' id='word_1_162' title='bbox 955 1725 1170 1763; x_wconf 87' lang='lat' dir='ltr'>obseruare</span> <span class='ocrx_word' id='word_1_163' title='bbox 1195 1727 1360 1765; x_wconf 79' lang='lat' dir='ltr'>solebat.</span> <span class='ocrx_word' id='word_1_164' title='bbox 1423 1728 1514 1765; x_wconf 86' lang='lat' dir='ltr'>Hoc</span> 
     </span>
     <span class='ocr_line' id='line_1_25' title="bbox 253 1792 1509 1841; baseline 0.001 -11"><span class='ocrx_word' id='word_1_165' title='bbox 253 1793 407 1830; x_wconf 88' lang='lat' dir='ltr'>etenim</span> <span class='ocrx_word' id='word_1_166' title='bbox 455 1792 598 1829; x_wconf 79' lang='lat' dir='ltr'>ordine</span> <span class='ocrx_word' id='word_1_167' title='bbox 642 1793 973 1841; x_wconf 86' lang='lat' dir='ltr'>septentrionalis</span> <span class='ocrx_word' id='word_1_168' title='bbox 1015 1793 1248 1839; x_wconf 80' lang='lat' dir='ltr'>Scottorum</span> <span class='ocrx_word' id='word_1_169' title='bbox 1290 1793 1509 1841; x_wconf 80' lang='lat' dir='ltr'>prouincia,</span> 
     </span>
     <span class='ocr_line' id='line_1_26' title="bbox 253 1857 1515 1907; baseline 0.001 -12"><span class='ocrx_word' id='word_1_170' title='bbox 253 1859 293 1895; x_wconf 86' lang='lat' dir='ltr'>et</span> <span class='ocrx_word' id='word_1_171' title='bbox 327 1857 463 1895; x_wconf 87' lang='lat' dir='ltr'>omnis</span> <span class='ocrx_word' id='word_1_172' title='bbox 492 1857 605 1895; x_wconf 85' lang='lat' dir='ltr'>natio</span> <span class='ocrx_word' id='word_1_173' title='bbox 639 1857 852 1896; x_wconf 82' lang='lat' dir='ltr'>Pictorum</span> <span class='ocrx_word' id='word_1_174' title='bbox 882 1859 955 1896; x_wconf 93' lang='lat' dir='ltr'>illo</span> <span class='ocrx_word' id='word_1_175' title='bbox 989 1858 1121 1896; x_wconf 84' lang='lat' dir='ltr'>adhuc</span> <span class='ocrx_word' id='word_1_176' title='bbox 1154 1860 1338 1906; x_wconf 87' lang='lat' dir='ltr'>tempore</span> <span class='ocrx_word' id='word_1_177' title='bbox 1366 1859 1515 1907; x_wconf 85' lang='lat' dir='ltr'>pascha</span> 
     </span>
     <span class='ocr_line' id='line_1_27' title="bbox 253 1922 1515 1969; baseline 0 -8"><span class='ocrx_word' id='word_1_178' title='bbox 253 1922 522 1968; x_wconf 83' lang='lat' dir='ltr'>ldominicum</span> <span class='ocrx_word' id='word_1_179' title='bbox 537 1922 775 1969; x_wconf 81' lang='lat' dir='ltr'>celebrabat,</span> <span class='ocrx_word' id='word_1_180' title='bbox 793 1924 1014 1961; x_wconf 83' lang='lat' dir='ltr'>aestimans</span> <span class='ocrx_word' id='word_1_181' title='bbox 1032 1936 1074 1960; x_wconf 87' lang='lat' dir='ltr'>se</span> <span class='ocrx_word' id='word_1_182' title='bbox 1088 1922 1132 1960; x_wconf 87' lang='lat' dir='ltr'>in</span> <span class='ocrx_word' id='word_1_183' title='bbox 1144 1923 1217 1960; x_wconf 84' lang='lat' dir='ltr'>hac</span> <span class='ocrx_word' id='word_1_184' title='bbox 1232 1923 1489 1961; x_wconf 83' lang='lat' dir='ltr'>obseruantia</span> <span class='ocrx_word' id='word_1_185' title='bbox 1502 1925 1515 1944; x_wconf 80' lang='lat'>⁹</span> 
     </span>
     <span class='ocr_line' id='line_1_28' title="bbox 254 1988 1509 2038; baseline 0.002 -12"><span class='ocrx_word' id='word_1_186' title='bbox 254 1989 385 2026; x_wconf 88' lang='lat' dir='ltr'>sancti</span> <span class='ocrx_word' id='word_1_187' title='bbox 411 2002 454 2026; x_wconf 86' lang='lat' dir='ltr'>ac</span> <span class='ocrx_word' id='word_1_188' title='bbox 484 1989 603 2026; x_wconf 85' lang='lat' dir='ltr'>laude</span> <span class='ocrx_word' id='word_1_189' title='bbox 633 1988 748 2037; x_wconf 84' lang='lat' dir='ltr'>digni</span> <span class='ocrx_word' id='word_1_190' title='bbox 773 1990 901 2038; x_wconf 84' lang='lat' dir='ltr'>patris</span> <span class='ocrx_word' id='word_1_191' title='bbox 928 1988 1114 2027; x_wconf 85' lang='lat' dir='ltr'>Anatolii</span> <span class='ocrx_word' id='word_1_192' title='bbox 1141 1989 1290 2038; x_wconf 82' lang='lat' dir='ltr'>scripta</span> <span class='ocrx_word' id='word_1_193' title='bbox 1317 1991 1509 2028; x_wconf 84' lang='lat' dir='ltr'>secutam.</span> 
     </span>
     <span class='ocr_line' id='line_1_29' title="bbox 255 2053 1509 2104; baseline 0.002 -13"><span class='ocrx_word' id='word_1_194' title='bbox 255 2054 372 2102; x_wconf 80' lang='lat' dir='ltr'>Quod</span> <span class='ocrx_word' id='word_1_195' title='bbox 392 2067 445 2091; x_wconf 89' lang='lat' dir='ltr'>an</span> <span class='ocrx_word' id='word_1_196' title='bbox 466 2067 612 2090; x_wconf 88' lang='lat' dir='ltr'>uerum</span> <span class='ocrx_word' id='word_1_197' title='bbox 634 2053 696 2101; x_wconf 86' lang='lat' dir='ltr'>sit,</span> <span class='ocrx_word' id='word_1_198' title='bbox 721 2054 877 2102; x_wconf 82' lang='lat' dir='ltr'>peritus</span> <span class='ocrx_word' id='word_1_199' title='bbox 894 2055 1068 2103; x_wconf 83' lang='lat' dir='ltr'>quisque</span> <span class='ocrx_word' id='word_1_200' title='bbox 1083 2054 1277 2091; x_wconf 84' lang='lat' dir='ltr'>facillime</span> <span class='ocrx_word' id='word_1_201' title='bbox 1291 2055 1509 2104; x_wconf 82' lang='lat' dir='ltr'>cognoscit.</span> 
     </span>
     <span class='ocr_line' id='line_1_30' title="bbox 255 2119 1514 2169; baseline 0.002 -13"><span class='ocrx_word' id='word_1_202' title='bbox 255 2120 382 2157; x_wconf 89' lang='lat' dir='ltr'>Porro</span> <span class='ocrx_word' id='word_1_203' title='bbox 402 2121 544 2168; x_wconf 81' lang='lat' dir='ltr'>gentes</span> <span class='ocrx_word' id='word_1_204' title='bbox 566 2119 810 2167; x_wconf 72' lang='lat' dir='ltr'>Scottorum,</span> <span class='ocrx_word' id='word_1_205' title='bbox 831 2133 932 2169; x_wconf 82' lang='lat' dir='ltr'>quae</span> <span class='ocrx_word' id='word_1_206' title='bbox 952 2119 997 2156; x_wconf 89' lang='lat' dir='ltr'>in</span> <span class='ocrx_word' id='word_1_207' title='bbox 1021 2119 1268 2157; x_wconf 85' lang='lat' dir='ltr'>australibus</span> <span class='ocrx_word' id='word_1_208' title='bbox 1289 2120 1514 2158; x_wconf 86' lang='lat' dir='ltr'>Hiberniae</span> 
     </span>
     <span class='ocr_line' id='line_1_31' title="bbox 255 2184 1514 2233; baseline 0.001 -11"><span class='ocrx_word' id='word_1_209' title='bbox 255 2184 413 2223; x_wconf 85' lang='lat' dir='ltr'>insulae</span> <span class='ocrx_word' id='word_1_210' title='bbox 445 2185 630 2233; x_wconf 85' lang='lat' dir='ltr'>partibus</span> <span class='ocrx_word' id='word_1_211' title='bbox 663 2186 940 2232; x_wconf 89' lang='lat' dir='ltr'>morabantur,</span> <span class='ocrx_word' id='word_1_212' title='bbox 978 2185 1222 2223; x_wconf 86' lang='lat' dir='ltr'>iamdudum</span> <span class='ocrx_word' id='word_1_213' title='bbox 1253 2186 1302 2223; x_wconf 86' lang='lat' dir='ltr'>ad</span> <span class='ocrx_word' id='word_1_214' title='bbox 1335 2186 1514 2224; x_wconf 89' lang='lat' dir='ltr'>admoni-</span> 
     </span>
     <span class='ocr_line' id='line_1_32' title="bbox 255 2250 1513 2300; baseline 0.001 -12"><span class='ocrx_word' id='word_1_215' title='bbox 255 2250 410 2288; x_wconf 89' lang='lat' dir='ltr'>tionem</span> <span class='ocrx_word' id='word_1_216' title='bbox 430 2250 672 2299; x_wconf 82' lang='lat' dir='ltr'>apostolicae</span> <span class='ocrx_word' id='word_1_217' title='bbox 692 2250 799 2288; x_wconf 87' lang='lat' dir='ltr'>sedis</span> <span class='ocrx_word' id='word_1_218' title='bbox 818 2250 1026 2299; x_wconf 79' lang='lat' dir='ltr'>antistitis,</span> <span class='ocrx_word' id='word_1_219' title='bbox 1047 2251 1197 2300; x_wconf 86' lang='lat' dir='ltr'>pascha</span> <span class='ocrx_word' id='word_1_220' title='bbox 1217 2251 1411 2289; x_wconf 86' lang='lat' dir='ltr'>canonico</span> <span class='ocrx_word' id='word_1_221' title='bbox 1430 2251 1513 2289; x_wconf 90' lang='lat' dir='ltr'>ritu</span> 
     </span>
     <span class='ocr_line' id='line_1_33' title="bbox 256 2315 728 2354; baseline 0.002 -1"><span class='ocrx_word' id='word_1_222' title='bbox 256 2315 468 2353; x_wconf 85' lang='lat' dir='ltr'>obseruare</span> <span class='ocrx_word' id='word_1_223' title='bbox 489 2315 728 2354; x_wconf 82' lang='lat' dir='ltr'>didicerunt.</span> 
     </span>
    </p>
   </div>
   <div class='ocr_carea' id='block_1_9' title="bbox 301 2424 1512 2465">
    <p class='ocr_par' dir='ltr' id='par_1_9' title="bbox 301 2424 1512 2465">
     <span class='ocr_line' id='line_1_34' title="bbox 301 2424 1512 2465; baseline 0.005 -11"><span class='ocrx_word' id='word_1_224' title='bbox 301 2424 312 2441; x_wconf 80' lang='lat'>¹</span> <span class='ocrx_word' id='word_1_225' title='bbox 337 2428 426 2455; x_wconf 84' lang='lat' dir='ltr'>-sent</span> <span class='ocrx_word' id='word_1_226' title='bbox 445 2426 480 2456; x_wconf 89' lang='lat' dir='ltr'>C.</span> <span class='ocrx_word' id='word_1_227' title='bbox 497 2424 552 2456; x_wconf 81' lang='lat' dir='ltr'>N¹.</span> <span class='ocrx_word' id='word_1_228' title='bbox 570 2424 699 2464; x_wconf 55' lang='lat' dir='ltr'>01.W¹.</span> <span class='ocrx_word' id='word_1_229' title='bbox 714 2426 753 2456; x_wconf 95' lang='lat' dir='ltr'>D.</span> <span class='ocrx_word' id='word_1_230' title='bbox 802 2425 814 2443; x_wconf 75' lang='lat'><strong>²</strong></span> <span class='ocrx_word' id='word_1_231' title='bbox 839 2429 1003 2456; x_wconf 70' lang='lat' dir='ltr'>numbererl</span> <span class='ocrx_word' id='word_1_232' title='bbox 1020 2429 1052 2457; x_wconf 74' lang='lat' dir='ltr'>z&#39;i.</span> <span class='ocrx_word' id='word_1_233' title='bbox 1071 2428 1102 2456; x_wconf 73' lang='lat' dir='ltr'>in</span> <span class='ocrx_word' id='word_1_234' title='bbox 1121 2429 1189 2463; x_wconf 60' lang='lat' dir='ltr'>text,</span> <span class='ocrx_word' id='word_1_235' title='bbox 1208 2429 1256 2457; x_wconf 73' lang='lat'>1&#39;2&#39;2&#39;.</span> <span class='ocrx_word' id='word_1_236' title='bbox 1273 2429 1305 2456; x_wconf 76' lang='lat' dir='ltr'>in</span> <span class='ocrx_word' id='word_1_237' title='bbox 1323 2430 1458 2464; x_wconf 57' lang='lat' dir='ltr'>rapimus(</span> <span class='ocrx_word' id='word_1_238' title='bbox 1477 2428 1512 2465; x_wconf 83' lang='lat' dir='ltr'>C,</span> 
     </span>
    </p>
   </div>
   <div class='ocr_carea' id='block_1_10' title="bbox 256 2478 1516 2620">
    <p class='ocr_par' dir='ltr' id='par_1_10' title="bbox 256 2478 1516 2620">
     <span class='ocr_line' id='line_1_35' title="bbox 259 2478 1516 2515; baseline 0.004 -9"><span class='ocrx_word' id='word_1_239' title='bbox 259 2479 323 2506; x_wconf 80' lang='lat' dir='ltr'>ancl</span> <span class='ocrx_word' id='word_1_240' title='bbox 338 2487 369 2507; x_wconf 86' lang='lat' dir='ltr'>so</span> <span class='ocrx_word' id='word_1_241' title='bbox 386 2480 456 2507; x_wconf 71' lang='lat' dir='ltr'>with</span> <span class='ocrx_word' id='word_1_242' title='bbox 473 2480 518 2507; x_wconf 74' lang='lat' dir='ltr'>the</span> <span class='ocrx_word' id='word_1_243' title='bbox 534 2481 713 2515; x_wconf 61' lang='lat' dir='ltr'>subsequen(</span> <span class='ocrx_word' id='word_1_244' title='bbox 727 2481 862 2515; x_wconf 67' lang='lat' dir='ltr'>Chapters</span> <span class='ocrx_word' id='word_1_245' title='bbox 878 2482 904 2509; x_wconf 73' lang='lat' dir='ltr'>to</span> <span class='ocrx_word' id='word_1_246' title='bbox 919 2481 987 2509; x_wconf 71' lang='lat' dir='ltr'>cciii.</span> <span class='ocrx_word' id='word_1_247' title='bbox 1009 2481 1159 2509; x_wconf 66' lang='lat' dir='ltr'>inclusive.</span> <span class='ocrx_word' id='word_1_248' title='bbox 1230 2478 1243 2498; x_wconf 80' lang='lat'><strong>3</strong></span> <span class='ocrx_word' id='word_1_249' title='bbox 1268 2480 1457 2510; x_wconf 85' lang='lat' dir='ltr'>lindifarn-</span> <span class='ocrx_word' id='word_1_250' title='bbox 1475 2481 1516 2512; x_wconf 65' lang='lat' dir='ltr'>N.</span> 
     </span>
     <span class='ocr_line' id='line_1_36' title="bbox 257 2527 1516 2570; baseline 0.006 -13"><span class='ocrx_word' id='word_1_251' title='bbox 257 2527 269 2545; x_wconf 71' lang='lat'><em>4</em></span> <span class='ocrx_word' id='word_1_252' title='bbox 293 2529 440 2559; x_wconf 84' lang='lat' dir='ltr'>osuuald</span> <span class='ocrx_word' id='word_1_253' title='bbox 457 2529 494 2560; x_wconf 82' lang='lat' dir='ltr'>C.</span> <span class='ocrx_word' id='word_1_254' title='bbox 584 2530 596 2547; x_wconf 88' lang='lat'><strong>⁵</strong></span> <span class='ocrx_word' id='word_1_255' title='bbox 617 2533 777 2570; x_wconf 83' lang='lat' dir='ltr'>coeperat</span> <span class='ocrx_word' id='word_1_256' title='bbox 793 2532 830 2562; x_wconf 84' lang='lat' dir='ltr'>C.</span> <span class='ocrx_word' id='word_1_257' title='bbox 925 2529 936 2546; x_wconf 75' lang='lat'><strong>⁶</strong></span> <span class='ocrx_word' id='word_1_258' title='bbox 959 2531 1154 2570; x_wconf 82' lang='lat' dir='ltr'>susceperit</span> <span class='ocrx_word' id='word_1_259' title='bbox 1171 2531 1215 2561; x_wconf 82' lang='lat' dir='ltr'>M.</span> <span class='ocrx_word' id='word_1_260' title='bbox 1313 2531 1324 2547; x_wconf 95' lang='lat'><em>⁷</em></span> <span class='ocrx_word' id='word_1_261' title='bbox 1349 2532 1443 2563; x_wconf 88' lang='lat' dir='ltr'>idem</span> <span class='ocrx_word' id='word_1_262' title='bbox 1457 2533 1516 2564; x_wconf 54' lang='lat' dir='ltr'>MR</span> 
     </span>
     <span class='ocr_line' id='line_1_37' title="bbox 256 2579 1201 2620; baseline 0.003 -10"><span class='ocrx_word' id='word_1_263' title='bbox 256 2579 267 2597; x_wconf 63' lang='grc' dir='ltr'>Β</span> <span class='ocrx_word' id='word_1_264' title='bbox 291 2580 386 2610; x_wconf 88' lang='lat' dir='ltr'>diem</span> <span class='ocrx_word' id='word_1_265' title='bbox 405 2605 411 2612; x_wconf 92' lang='lat'><strong>.</strong></span> <span class='ocrx_word' id='word_1_266' title='bbox 430 2605 436 2611; x_wconf 95' lang='lat'>.</span> <span class='ocrx_word' id='word_1_267' title='bbox 456 2582 592 2620; x_wconf 86' lang='lat' dir='ltr'>.gentis</span> <span class='ocrx_word' id='word_1_268' title='bbox 608 2592 665 2613; x_wconf 83' lang='lat' dir='ltr'>om.</span> <span class='ocrx_word' id='word_1_269' title='bbox 683 2582 724 2613; x_wconf 77' lang='lat' dir='ltr'>N.</span> <span class='ocrx_word' id='word_1_270' title='bbox 857 2582 868 2600; x_wconf 82' lang='lat'><strong>⁹</strong></span> <span class='ocrx_word' id='word_1_271' title='bbox 892 2583 1137 2613; x_wconf 79' lang='lat' dir='ltr'>obseruatione</span> <span class='ocrx_word' id='word_1_272' title='bbox 1156 2583 1201 2613; x_wconf 87' lang='lat' dir='ltr'>M.</span> 
     </span>
    </p>
   </div>
   <div class='ocr_carea' id='block_1_11' title="bbox 849 2648 920 2673">
    <p class='ocr_par' dir='ltr' id='par_1_11' title="bbox 849 2648 920 2673">
     <span class='ocr_line' id='line_1_38' title="bbox 849 2648 920 2673; baseline -0.028 0"><span class='ocrx_word' id='word_1_273' title='bbox 849 2648 920 2673; x_wconf 78' lang='grc' dir='ltr'>ΚΖ</span> 
     </span>
    </p>
   </div>
   <div class='ocr_carea' id='block_1_12' title="bbox 1536 789 1717 935">
    <p class='ocr_par' dir='ltr' id='par_1_12' title="bbox 1536 789 1717 935">
     <span class='ocr_line' id='line_1_39' title="bbox 1536 789 1717 817; baseline 0.006 -1"><span class='ocrx_word' id='word_1_274' title='bbox 1536 789 1621 816; x_wconf 88' lang='lat' dir='ltr'>from</span> <span class='ocrx_word' id='word_1_275' title='bbox 1636 790 1717 817; x_wconf 83' lang='lat' dir='ltr'>Iona</span> 
     </span>
     <span class='ocr_line' id='line_1_40' title="bbox 1537 829 1702 863; baseline -0.024 -7"><span class='ocrx_word' id='word_1_276' title='bbox 1537 838 1572 856; x_wconf 84' lang='lat' dir='ltr'>as</span> <span class='ocrx_word' id='word_1_277' title='bbox 1587 829 1702 863; x_wconf 78' lang='lat' dir='ltr'>bishop</span> 
     </span>
     <span class='ocr_line' id='line_1_41' title="bbox 1536 869 1703 895; baseline 0 0"><span class='ocrx_word' id='word_1_278' title='bbox 1536 870 1570 895; x_wconf 85' lang='lat' dir='ltr'>to</span> <span class='ocrx_word' id='word_1_279' title='bbox 1585 869 1703 895; x_wconf 76' lang='lat' dir='ltr'>North-</span> 
     </span>
     <span class='ocr_line' id='line_1_42' title="bbox 1537 908 1675 935; baseline 0 0"><span class='ocrx_word' id='word_1_280' title='bbox 1537 908 1675 935; x_wconf 83' lang='lat' dir='ltr'>umbria.</span> 
     </span>
    </p>
   </div>
  </div>
 </body>
</html>
