<?xml version="1.0" encoding="UTF-8"?>
<!DOCTYPE html PUBLIC "-//W3C//DTD XHTML 1.0 Transitional//EN"
    "http://www.w3.org/TR/xhtml1/DTD/xhtml1-transitional.dtd">
<html xmlns="http://www.w3.org/1999/xhtml" xml:lang="en" lang="en">
 <head>
  <title>
</title>
<meta http-equiv="Content-Type" content="text/html;charset=utf-8" />
  <meta name='ocr-system' content='tesseract 3.04.00' />
  <meta name='ocr-capabilities' content='ocr_page ocr_carea ocr_par ocr_line ocrx_word'/>
</head>
<body>
  <div class='ocr_page' id='page_1' title='image "./venerabilisbaeda00bedeuoft_0541.png"; bbox 0 0 1803 2887; ppageno 0'>
   <div class='ocr_carea' id='block_1_1' title="bbox 0 0 42 2887">
    <p class='ocr_par' dir='ltr' id='par_1_1' title="bbox 0 0 42 2887">
     <span class='ocr_line' id='line_1_1' title="bbox 0 0 42 2887; baseline 0 0"><span class='ocrx_word' id='word_1_1' title='bbox 0 0 42 2887; x_wconf 95' lang='lat' dir='ltr'> </span> 
     </span>
    </p>
   </div>
   <div class='ocr_carea' id='block_1_2' title="bbox 76 587 204 615">
    <p class='ocr_par' dir='ltr' id='par_1_2' title="bbox 76 587 204 615">
     <span class='ocr_line' id='line_1_2' title="bbox 76 587 204 615; baseline -0.008 0"><span class='ocrx_word' id='word_1_2' title='bbox 76 588 95 615; x_wconf 91' lang='lat' dir='ltr'>f.</span> <span class='ocrx_word' id='word_1_3' title='bbox 115 587 163 614; x_wconf 79' lang='lat'>126</span> <span class='ocrx_word' id='word_1_4' title='bbox 177 595 204 614; x_wconf 84' lang='lat' dir='ltr'>a.</span> 
     </span>
    </p>
   </div>
   <div class='ocr_carea' id='block_1_3' title="bbox 267 129 1521 185">
    <p class='ocr_par' dir='ltr' id='par_1_3' title="bbox 267 129 1521 185">
     <span class='ocr_line' id='line_1_3' title="bbox 267 129 1521 185; baseline -0.005 -11"><span class='ocrx_word' id='word_1_5' title='bbox 267 143 346 174; x_wconf 82' lang='lat' dir='ltr'><strong>CAP.</strong></span> <span class='ocrx_word' id='word_1_6' title='bbox 365 139 508 181; x_wconf 82' lang='lat' dir='ltr'>XX111.]</span> <span class='ocrx_word' id='word_1_7' title='bbox 663 130 816 173; x_wconf 72' lang='lat' dir='ltr'>Gentis</span> <span class='ocrx_word' id='word_1_8' title='bbox 846 129 1117 185; x_wconf 67' lang='lat' dir='ltr'>Angylorum.</span> <span class='ocrx_word' id='word_1_9' title='bbox 1439 130 1521 169; x_wconf 82' lang='lat'>351</span> 
     </span>
    </p>
   </div>
   <div class='ocr_carea' id='block_1_4' title="bbox 267 243 1746 2128">
    <p class='ocr_par' dir='ltr' id='par_1_4' title="bbox 267 243 1526 492">
     <span class='ocr_line' id='line_1_4' title="bbox 267 243 1524 295; baseline -0.005 -9"><span class='ocrx_word' id='word_1_10' title='bbox 267 248 312 286; x_wconf 90' lang='lat' dir='ltr'>in</span> <span class='ocrx_word' id='word_1_11' title='bbox 350 246 703 286; x_wconf 84' lang='lat' dir='ltr'>Lindisfaronensi</span> <span class='ocrx_word' id='word_1_12' title='bbox 718 244 741 293; x_wconf 85' lang='lat'>¹,</span> <span class='ocrx_word' id='word_1_13' title='bbox 783 247 893 284; x_wconf 90' lang='lat' dir='ltr'>Acca</span> <span class='ocrx_word' id='word_1_14' title='bbox 929 245 974 283; x_wconf 91' lang='lat' dir='ltr'>in</span> <span class='ocrx_word' id='word_1_15' title='bbox 1012 243 1336 295; x_wconf 86' lang='lat' dir='ltr'>Hagustaldensi</span> <span class='ocrx_word' id='word_1_16' title='bbox 1350 243 1374 283; x_wconf 71' lang='lat'>2.</span> <span class='ocrx_word' id='word_1_17' title='bbox 1410 244 1524 281; x_wconf 90' lang='lat' dir='ltr'>Pect-</span> 
     </span>
     <span class='ocr_line' id='line_1_5' title="bbox 267 311 1520 361; baseline -0.005 -11"><span class='ocrx_word' id='word_1_18' title='bbox 267 313 380 350; x_wconf 89' lang='lat' dir='ltr'>helm</span> <span class='ocrx_word' id='word_1_19' title='bbox 397 313 409 332; x_wconf 76' lang='lat'><strong>³</strong></span> <span class='ocrx_word' id='word_1_20' title='bbox 428 313 473 350; x_wconf 92' lang='lat' dir='ltr'>in</span> <span class='ocrx_word' id='word_1_21' title='bbox 494 326 548 359; x_wconf 87' lang='lat' dir='ltr'>ea,</span> <span class='ocrx_word' id='word_1_22' title='bbox 574 325 676 361; x_wconf 88' lang='lat' dir='ltr'>quae</span> <span class='ocrx_word' id='word_1_23' title='bbox 705 311 887 350; x_wconf 86' lang='lat' dir='ltr'>Candida</span> <span class='ocrx_word' id='word_1_24' title='bbox 917 311 1016 349; x_wconf 85' lang='lat' dir='ltr'>Casa</span> <span class='ocrx_word' id='word_1_25' title='bbox 1044 312 1224 357; x_wconf 80' lang='lat' dir='ltr'>uocatur,</span> <span class='ocrx_word' id='word_1_26' title='bbox 1251 322 1354 358; x_wconf 85' lang='lat' dir='ltr'>quae</span> <span class='ocrx_word' id='word_1_27' title='bbox 1379 321 1520 357; x_wconf 66' lang='lat' dir='ltr'>nuper,</span> 
     </span>
     <span class='ocr_line' id='line_1_6' title="bbox 268 374 1526 427; baseline -0.005 -12"><span class='ocrx_word' id='word_1_28' title='bbox 268 377 552 427; x_wconf 87' lang='lat' dir='ltr'>multiplicatis</span> <span class='ocrx_word' id='word_1_29' title='bbox 580 377 768 415; x_wconf 89' lang='lat' dir='ltr'>fidelium</span> <span class='ocrx_word' id='word_1_30' title='bbox 797 377 997 426; x_wconf 77' lang='lat' dir='ltr'>plebibus,</span> <span class='ocrx_word' id='word_1_31' title='bbox 1021 376 1066 413; x_wconf 93' lang='lat' dir='ltr'>in</span> <span class='ocrx_word' id='word_1_32' title='bbox 1095 375 1235 413; x_wconf 88' lang='lat' dir='ltr'>sedem</span> <span class='ocrx_word' id='word_1_33' title='bbox 1264 374 1526 423; x_wconf 87' lang='lat' dir='ltr'>pontificatus</span> 
     </span>
     <span class='ocr_line' id='line_1_7' title="bbox 267 441 1168 492; baseline -0.003 -11"><span class='ocrx_word' id='word_1_34' title='bbox 267 443 405 481; x_wconf 84' lang='lat' dir='ltr'>addita</span> <span class='ocrx_word' id='word_1_35' title='bbox 425 443 561 492; x_wconf 88' lang='lat' dir='ltr'>ipsum</span> <span class='ocrx_word' id='word_1_36' title='bbox 581 444 764 492; x_wconf 90' lang='lat' dir='ltr'>primum</span> <span class='ocrx_word' id='word_1_37' title='bbox 784 442 907 480; x_wconf 85' lang='lat' dir='ltr'>habet</span> <span class='ocrx_word' id='word_1_38' title='bbox 927 441 1168 479; x_wconf 74' lang='lat' dir='ltr'>antistitem.</span> 
     </span>
    </p>

    <p class='ocr_par' dir='ltr' id='par_1_5' title="bbox 270 503 1736 1342">
     <span class='ocr_line' id='line_1_8' title="bbox 323 503 1721 558; baseline -0.004 -13"><span class='ocrx_word' id='word_1_39' title='bbox 323 508 534 545; x_wconf 79' lang='lat' dir='ltr'>Pictorum</span> <span class='ocrx_word' id='word_1_40' title='bbox 555 521 716 557; x_wconf 87' lang='lat' dir='ltr'>quoque</span> <span class='ocrx_word' id='word_1_41' title='bbox 740 508 851 544; x_wconf 88' lang='lat' dir='ltr'>natio</span> <span class='ocrx_word' id='word_1_42' title='bbox 872 509 1056 556; x_wconf 86' lang='lat' dir='ltr'>tempore</span> <span class='ocrx_word' id='word_1_43' title='bbox 1076 506 1153 544; x_wconf 89' lang='lat' dir='ltr'>hoc</span> <span class='ocrx_word' id='word_1_44' title='bbox 1174 508 1214 544; x_wconf 90' lang='lat' dir='ltr'>et</span> <span class='ocrx_word' id='word_1_45' title='bbox 1242 505 1388 543; x_wconf 82' lang='lat' dir='ltr'>foedus</span> <span class='ocrx_word' id='word_1_46' title='bbox 1416 503 1526 553; x_wconf 88' lang='lat' dir='ltr'>pacis</span> <span class='ocrx_word' id='word_1_47' title='bbox 1552 513 1721 558; x_wconf 61' lang='lat' dir='ltr'>Relations</span> 
     </span>
     <span class='ocr_line' id='line_1_9' title="bbox 270 553 1706 626; baseline -0.004 -15"><span class='ocrx_word' id='word_1_48' title='bbox 270 587 364 611; x_wconf 90' lang='lat' dir='ltr'>cum</span> <span class='ocrx_word' id='word_1_49' title='bbox 395 576 517 622; x_wconf 86' lang='lat' dir='ltr'>gente</span> <span class='ocrx_word' id='word_1_50' title='bbox 555 573 678 610; x_wconf 85' lang='lat' dir='ltr'>habet</span> <span class='ocrx_word' id='word_1_51' title='bbox 715 573 959 622; x_wconf 86' lang='lat' dir='ltr'>Anglorum,</span> <span class='ocrx_word' id='word_1_52' title='bbox 992 571 995 615; x_wconf 98' lang='grc' dir='ltr'>Ι</span> <span class='ocrx_word' id='word_1_53' title='bbox 1022 574 1062 609; x_wconf 90' lang='lat' dir='ltr'>et</span> <span class='ocrx_word' id='word_1_54' title='bbox 1093 572 1313 609; x_wconf 86' lang='lat' dir='ltr'>catholicae</span> <span class='ocrx_word' id='word_1_55' title='bbox 1344 570 1453 619; x_wconf 84' lang='lat' dir='ltr'>pacis</span> <span class='ocrx_word' id='word_1_56' title='bbox 1482 582 1526 606; x_wconf 87' lang='lat' dir='ltr'>ac</span> <span class='ocrx_word' id='word_1_57' title='bbox 1552 553 1706 626; x_wconf 48' lang='lat' dir='ltr'>{fffsfhe</span> 
     </span>
     <span class='ocr_line' id='line_1_10' title="bbox 270 632 1736 698; baseline -0.005 -21"><span class='ocrx_word' id='word_1_58' title='bbox 270 638 457 677; x_wconf 88' lang='lat' dir='ltr'>ueritatis</span> <span class='ocrx_word' id='word_1_59' title='bbox 495 651 589 676; x_wconf 90' lang='lat' dir='ltr'>cum</span> <span class='ocrx_word' id='word_1_60' title='bbox 627 638 854 676; x_wconf 82' lang='lat' dir='ltr'>uniuersali</span> <span class='ocrx_word' id='word_1_61' title='bbox 901 638 1070 676; x_wconf 84' lang='lat' dir='ltr'>ecclesia</span> <span class='ocrx_word' id='word_1_62' title='bbox 1112 636 1318 686; x_wconf 75' lang='lat' dir='ltr'>particeps</span> <span class='ocrx_word' id='word_1_63' title='bbox 1356 635 1528 672; x_wconf 76' lang='lat' dir='ltr'>existere</span> <span class='ocrx_word' id='word_1_64' title='bbox 1552 632 1736 698; x_wconf 51' lang='grc' dir='ltr'>Ξῖἰξὲεῃὲωῑ</span> 
     </span>
     <span class='ocr_line' id='line_1_11' title="bbox 270 699 1529 754; baseline -0.004 -12"><span class='ocrx_word' id='word_1_65' title='bbox 270 705 428 754; x_wconf 87' lang='lat' dir='ltr'>gaudet.</span> <span class='ocrx_word' id='word_1_66' title='bbox 489 704 628 751; x_wconf 83' lang='lat' dir='ltr'>Scotti.</span> <span class='ocrx_word' id='word_1_67' title='bbox 654 704 724 752; x_wconf 88' lang='lat' dir='ltr'>qui</span> <span class='ocrx_word' id='word_1_68' title='bbox 745 704 995 742; x_wconf 82' lang='lat' dir='ltr'>Brittaniam</span> <span class='ocrx_word' id='word_1_69' title='bbox 1015 703 1214 742; x_wconf 80' lang='lat' dir='ltr'>incolunt,</span> <span class='ocrx_word' id='word_1_70' title='bbox 1240 702 1324 740; x_wconf 89' lang='lat' dir='ltr'>suis</span> <span class='ocrx_word' id='word_1_71' title='bbox 1345 699 1529 738; x_wconf 82' lang='lat' dir='ltr'>contenti</span> 
     </span>
     <span class='ocr_line' id='line_1_12' title="bbox 271 765 1529 819; baseline -0.005 -11"><span class='ocrx_word' id='word_1_72' title='bbox 271 770 424 808; x_wconf 87' lang='lat' dir='ltr'>finibus</span> <span class='ocrx_word' id='word_1_73' title='bbox 443 770 504 807; x_wconf 87' lang='lat' dir='ltr'>nil</span> <span class='ocrx_word' id='word_1_74' title='bbox 524 772 664 808; x_wconf 87' lang='lat' dir='ltr'>contra</span> <span class='ocrx_word' id='word_1_75' title='bbox 694 772 859 819; x_wconf 84' lang='lat' dir='ltr'>gentem</span> <span class='ocrx_word' id='word_1_76' title='bbox 886 769 1123 818; x_wconf 88' lang='lat' dir='ltr'>Anglorum</span> <span class='ocrx_word' id='word_1_77' title='bbox 1150 768 1395 806; x_wconf 83' lang='lat' dir='ltr'>insidiarum</span> <span class='ocrx_word' id='word_1_78' title='bbox 1415 765 1529 804; x_wconf 85' lang='lat' dir='ltr'>moli-</span> 
     </span>
     <span class='ocr_line' id='line_1_13' title="bbox 271 832 1530 883; baseline -0.003 -11"><span class='ocrx_word' id='word_1_79' title='bbox 271 837 398 873; x_wconf 87' lang='lat' dir='ltr'>untur</span> <span class='ocrx_word' id='word_1_80' title='bbox 431 838 502 873; x_wconf 88' lang='lat' dir='ltr'>aut</span> <span class='ocrx_word' id='word_1_81' title='bbox 531 835 747 874; x_wconf 81' lang='lat' dir='ltr'>fraudium.</span> <span class='ocrx_word' id='word_1_82' title='bbox 810 836 1036 883; x_wconf 73' lang='lat' dir='ltr'>Brettones,</span> <span class='ocrx_word' id='word_1_83' title='bbox 1062 834 1251 883; x_wconf 86' lang='lat' dir='ltr'>quamuis</span> <span class='ocrx_word' id='word_1_84' title='bbox 1281 835 1321 870; x_wconf 90' lang='lat' dir='ltr'>et</span> <span class='ocrx_word' id='word_1_85' title='bbox 1350 832 1530 870; x_wconf 78' lang='lat' dir='ltr'>maxima</span> 
     </span>
     <span class='ocr_line' id='line_1_14' title="bbox 271 898 1529 950; baseline -0.004 -12"><span class='ocrx_word' id='word_1_86' title='bbox 271 914 321 938; x_wconf 80' lang='lat' dir='ltr'>ex</span> <span class='ocrx_word' id='word_1_87' title='bbox 358 903 472 950; x_wconf 88' lang='lat' dir='ltr'>parte</span> <span class='ocrx_word' id='word_1_88' title='bbox 511 901 732 938; x_wconf 88' lang='lat' dir='ltr'>domestico</span> <span class='ocrx_word' id='word_1_89' title='bbox 764 900 842 938; x_wconf 86' lang='lat' dir='ltr'>sibi</span> <span class='ocrx_word' id='word_1_90' title='bbox 876 900 969 938; x_wconf 93' lang='lat' dir='ltr'>odio</span> <span class='ocrx_word' id='word_1_91' title='bbox 1007 902 1172 949; x_wconf 84' lang='lat' dir='ltr'>gentem</span> <span class='ocrx_word' id='word_1_92' title='bbox 1207 898 1452 947; x_wconf 78' lang='lat' dir='ltr'>Anglorum,</span> <span class='ocrx_word' id='word_1_93' title='bbox 1489 898 1529 934; x_wconf 92' lang='lat' dir='ltr'>et</span> 
     </span>
     <span class='ocr_line' id='line_1_15' title="bbox 271 964 1524 1014; baseline -0.002 -11"><span class='ocrx_word' id='word_1_94' title='bbox 271 966 398 1004; x_wconf 89' lang='lat' dir='ltr'>totius</span> <span class='ocrx_word' id='word_1_95' title='bbox 418 966 637 1003; x_wconf 88' lang='lat' dir='ltr'>catholicae</span> <span class='ocrx_word' id='word_1_96' title='bbox 665 966 854 1004; x_wconf 86' lang='lat' dir='ltr'>ecclesiae</span> <span class='ocrx_word' id='word_1_97' title='bbox 880 967 1035 1004; x_wconf 90' lang='lat' dir='ltr'>statum</span> <span class='ocrx_word' id='word_1_98' title='bbox 1063 965 1211 1014; x_wconf 84' lang='lat' dir='ltr'>pascha</span> <span class='ocrx_word' id='word_1_99' title='bbox 1236 964 1376 1001; x_wconf 89' lang='lat' dir='ltr'>minus</span> <span class='ocrx_word' id='word_1_100' title='bbox 1406 965 1524 1008; x_wconf 74' lang='lat' dir='ltr'>recto,</span> 
     </span>
     <span class='ocr_line' id='line_1_16' title="bbox 271 1028 1530 1080; baseline -0.003 -11"><span class='ocrx_word' id='word_1_101' title='bbox 271 1032 535 1080; x_wconf 88' lang='lat' dir='ltr'>moribusque</span> <span class='ocrx_word' id='word_1_102' title='bbox 556 1031 740 1080; x_wconf 83' lang='lat' dir='ltr'>inprobis</span> <span class='ocrx_word' id='word_1_103' title='bbox 769 1032 1026 1080; x_wconf 82' lang='lat' dir='ltr'>inpugnent3</span> <span class='ocrx_word' id='word_1_104' title='bbox 1056 1033 1196 1068; x_wconf 89' lang='lat' dir='ltr'>tamen</span> <span class='ocrx_word' id='word_1_105' title='bbox 1224 1032 1263 1067; x_wconf 89' lang='lat' dir='ltr'>et</span> <span class='ocrx_word' id='word_1_106' title='bbox 1288 1029 1429 1066; x_wconf 86' lang='lat' dir='ltr'>diuina</span> <span class='ocrx_word' id='word_1_107' title='bbox 1453 1028 1530 1066; x_wconf 85' lang='lat' dir='ltr'>sibi</span> 
     </span>
     <span class='ocr_line' id='line_1_17' title="bbox 271 1094 1531 1145; baseline -0.002 -11"><span class='ocrx_word' id='word_1_108' title='bbox 271 1100 311 1135; x_wconf 90' lang='lat' dir='ltr'>et</span> <span class='ocrx_word' id='word_1_109' title='bbox 334 1097 515 1134; x_wconf 86' lang='lat' dir='ltr'>humana</span> <span class='ocrx_word' id='word_1_110' title='bbox 527 1110 691 1145; x_wconf 86' lang='lat' dir='ltr'>prorsus</span> <span class='ocrx_word' id='word_1_111' title='bbox 707 1097 923 1135; x_wconf 78' lang='lat' dir='ltr'>resistente</span> <span class='ocrx_word' id='word_1_112' title='bbox 938 1097 1101 1141; x_wconf 79' lang='lat' dir='ltr'>uirtute,</span> <span class='ocrx_word' id='word_1_113' title='bbox 1119 1096 1163 1133; x_wconf 89' lang='lat' dir='ltr'>in</span> <span class='ocrx_word' id='word_1_114' title='bbox 1179 1097 1323 1133; x_wconf 84' lang='lat' dir='ltr'>neutro</span> <span class='ocrx_word' id='word_1_115' title='bbox 1344 1094 1531 1143; x_wconf 86' lang='lat' dir='ltr'>cupitum</span> 
     </span>
     <span class='ocr_line' id='line_1_18' title="bbox 271 1159 1531 1211; baseline -0.003 -12"><span class='ocrx_word' id='word_1_116' title='bbox 271 1164 445 1211; x_wconf 89' lang='lat' dir='ltr'>possunt</span> <span class='ocrx_word' id='word_1_117' title='bbox 465 1162 648 1199; x_wconf 89' lang='lat' dir='ltr'>obtinere</span> <span class='ocrx_word' id='word_1_118' title='bbox 668 1162 950 1211; x_wconf 88' lang='lat' dir='ltr'>propositum;</span> <span class='ocrx_word' id='word_1_119' title='bbox 981 1162 1130 1211; x_wconf 86' lang='lat' dir='ltr'>quippe</span> <span class='ocrx_word' id='word_1_120' title='bbox 1159 1161 1231 1211; x_wconf 87' lang='lat' dir='ltr'>qui</span> <span class='ocrx_word' id='word_1_121' title='bbox 1260 1159 1452 1209; x_wconf 86' lang='lat' dir='ltr'>quamuis</span> <span class='ocrx_word' id='word_1_122' title='bbox 1483 1171 1531 1195; x_wconf 85' lang='lat' dir='ltr'>ex</span> 
     </span>
     <span class='ocr_line' id='line_1_19' title="bbox 272 1225 1531 1277; baseline -0.003 -12"><span class='ocrx_word' id='word_1_123' title='bbox 272 1229 384 1277; x_wconf 86' lang='lat' dir='ltr'>parte</span> <span class='ocrx_word' id='word_1_124' title='bbox 404 1227 468 1265; x_wconf 88' lang='lat' dir='ltr'>sui</span> <span class='ocrx_word' id='word_1_125' title='bbox 488 1228 571 1265; x_wconf 88' lang='lat' dir='ltr'>sint</span> <span class='ocrx_word' id='word_1_126' title='bbox 592 1228 704 1275; x_wconf 86' lang='lat' dir='ltr'>iuris,</span> <span class='ocrx_word' id='word_1_127' title='bbox 725 1228 925 1265; x_wconf 88' lang='lat' dir='ltr'>nonnulla</span> <span class='ocrx_word' id='word_1_128' title='bbox 946 1230 1084 1265; x_wconf 88' lang='lat' dir='ltr'>tamen</span> <span class='ocrx_word' id='word_1_129' title='bbox 1100 1240 1149 1264; x_wconf 78' lang='lat' dir='ltr'>ex</span> <span class='ocrx_word' id='word_1_130' title='bbox 1169 1229 1283 1276; x_wconf 82' lang='lat' dir='ltr'>parte</span> <span class='ocrx_word' id='word_1_131' title='bbox 1296 1225 1531 1274; x_wconf 85' lang='lat' dir='ltr'>Anglorum</span> 
     </span>
     <span class='ocr_line' id='line_1_20' title="bbox 273 1293 823 1342; baseline 0 -11"><span class='ocrx_word' id='word_1_132' title='bbox 273 1295 371 1331; x_wconf 89' lang='lat' dir='ltr'>sunt</span> <span class='ocrx_word' id='word_1_133' title='bbox 391 1293 560 1331; x_wconf 84' lang='lat' dir='ltr'>seruitio</span> <span class='ocrx_word' id='word_1_134' title='bbox 582 1293 823 1342; x_wconf 85' lang='lat' dir='ltr'>mancipati.</span> 
     </span>
    </p>

    <p class='ocr_par' dir='ltr' id='par_1_6' title="bbox 274 1356 1746 1736">
     <span class='ocr_line' id='line_1_21' title="bbox 328 1356 1746 1407; baseline -0.006 -11"><span class='ocrx_word' id='word_1_135' title='bbox 328 1359 416 1407; x_wconf 78' lang='lat' dir='ltr'>Qua</span> <span class='ocrx_word' id='word_1_136' title='bbox 444 1359 657 1396; x_wconf 79' lang='lat' dir='ltr'>adridente</span> <span class='ocrx_word' id='word_1_137' title='bbox 684 1372 780 1407; x_wconf 87' lang='lat' dir='ltr'>pace</span> <span class='ocrx_word' id='word_1_138' title='bbox 808 1371 853 1396; x_wconf 89' lang='lat' dir='ltr'>ac</span> <span class='ocrx_word' id='word_1_139' title='bbox 880 1358 1097 1396; x_wconf 79' lang='lat' dir='ltr'>serenitate</span> <span class='ocrx_word' id='word_1_140' title='bbox 1122 1360 1369 1407; x_wconf 72' lang='lat' dir='ltr'>temporum,</span> <span class='ocrx_word' id='word_1_141' title='bbox 1394 1356 1532 1405; x_wconf 87' lang='lat' dir='ltr'>plures</span> <span class='ocrx_word' id='word_1_142' title='bbox 1558 1362 1746 1406; x_wconf 62' lang='lat' dir='ltr'>Growtnof</span> 
     </span>
     <span class='ocr_line' id='line_1_22' title="bbox 274 1402 1731 1474; baseline -0.003 -12"><span class='ocrx_word' id='word_1_143' title='bbox 274 1424 317 1462; x_wconf 90' lang='lat' dir='ltr'>in</span> <span class='ocrx_word' id='word_1_144' title='bbox 332 1426 453 1474; x_wconf 86' lang='lat' dir='ltr'>gente</span> <span class='ocrx_word' id='word_1_145' title='bbox 466 1424 916 1473; x_wconf 78' lang='lat' dir='ltr'>Nordanhymbrorum,</span> <span class='ocrx_word' id='word_1_146' title='bbox 936 1426 1023 1461; x_wconf 86' lang='lat' dir='ltr'>tam</span> <span class='ocrx_word' id='word_1_147' title='bbox 1039 1423 1208 1468; x_wconf 85' lang='lat' dir='ltr'>nobiles,</span> <span class='ocrx_word' id='word_1_148' title='bbox 1229 1436 1351 1472; x_wconf 79' lang='lat' dir='ltr'>quani</span> <span class='ocrx_word' id='word_1_149' title='bbox 1366 1421 1527 1471; x_wconf 76' lang='lat' dir='ltr'>priuati,</span> <span class='ocrx_word' id='word_1_150' title='bbox 1553 1402 1731 1470; x_wconf 46' lang='lat' dir='ltr'>ilxstssnasne-</span> 
     </span>
     <span class='ocr_line' id='line_1_23' title="bbox 274 1488 1533 1539; baseline -0.002 -12"><span class='ocrx_word' id='word_1_151' title='bbox 274 1503 317 1527; x_wconf 88' lang='lat' dir='ltr'>se</span> <span class='ocrx_word' id='word_1_152' title='bbox 342 1503 518 1539; x_wconf 84' lang='lat' dir='ltr'>suosque</span> <span class='ocrx_word' id='word_1_153' title='bbox 538 1490 697 1537; x_wconf 77' lang='lat' dir='ltr'>liberos,</span> <span class='ocrx_word' id='word_1_154' title='bbox 723 1489 918 1539; x_wconf 88' lang='lat' dir='ltr'>depositis</span> <span class='ocrx_word' id='word_1_155' title='bbox 937 1489 1074 1533; x_wconf 67' lang='lat' dir='ltr'>armis,</span> <span class='ocrx_word' id='word_1_156' title='bbox 1099 1490 1290 1538; x_wconf 87' lang='lat' dir='ltr'>satagunt</span> <span class='ocrx_word' id='word_1_157' title='bbox 1310 1488 1451 1537; x_wconf 83' lang='lat' dir='ltr'>magis,</span> <span class='ocrx_word' id='word_1_158' title='bbox 1475 1500 1533 1525; x_wconf 90' lang='lat' dir='ltr'>ac-</span> 
     </span>
     <span class='ocr_line' id='line_1_24' title="bbox 275 1554 1534 1604; baseline -0.002 -11"><span class='ocrx_word' id='word_1_159' title='bbox 275 1558 388 1604; x_wconf 87' lang='lat' dir='ltr'>cepta</span> <span class='ocrx_word' id='word_1_160' title='bbox 417 1558 596 1603; x_wconf 79' lang='lat' dir='ltr'>tonsura,</span> <span class='ocrx_word' id='word_1_161' title='bbox 621 1555 979 1593; x_wconf 78' lang='lat' dir='ltr'>monasterialibus</span> <span class='ocrx_word' id='word_1_162' title='bbox 1005 1555 1230 1592; x_wconf 79' lang='lat' dir='ltr'>adscribere</span> <span class='ocrx_word' id='word_1_163' title='bbox 1260 1554 1378 1601; x_wconf 75' lang='lat' dir='ltr'>uotis,</span> <span class='ocrx_word' id='word_1_164' title='bbox 1410 1566 1534 1602; x_wconf 85' lang='lat' dir='ltr'>quam</span> 
     </span>
     <span class='ocr_line' id='line_1_25' title="bbox 274 1619 1537 1669; baseline -0.003 -10"><span class='ocrx_word' id='word_1_165' title='bbox 274 1621 432 1659; x_wconf 81' lang='lat' dir='ltr'>bellicis</span> <span class='ocrx_word' id='word_1_166' title='bbox 457 1634 641 1659; x_wconf 79' lang='lat' dir='ltr'>exercere</span> <span class='ocrx_word' id='word_1_167' title='bbox 668 1621 826 1660; x_wconf 88' lang='lat' dir='ltr'>studiis.</span> <span class='ocrx_word' id='word_1_168' title='bbox 889 1621 999 1668; x_wconf 78' lang='lat' dir='ltr'>Quae</span> <span class='ocrx_word' id='word_1_169' title='bbox 1028 1633 1091 1658; x_wconf 86' lang='lat' dir='ltr'>res</span> <span class='ocrx_word' id='word_1_170' title='bbox 1117 1633 1241 1669; x_wconf 89' lang='lat' dir='ltr'>quem</span> <span class='ocrx_word' id='word_1_171' title='bbox 1270 1620 1322 1657; x_wconf 86' lang='lat' dir='ltr'>sit</span> <span class='ocrx_word' id='word_1_172' title='bbox 1347 1619 1537 1656; x_wconf 87' lang='lat' dir='ltr'>habitura</span> 
     </span>
     <span class='ocr_line' id='line_1_26' title="bbox 274 1686 979 1736; baseline 0 -12"><span class='ocrx_word' id='word_1_173' title='bbox 274 1687 413 1731; x_wconf 79' lang='lat' dir='ltr'>finem,</span> <span class='ocrx_word' id='word_1_174' title='bbox 446 1687 646 1736; x_wconf 85' lang='lat' dir='ltr'>posterior</span> <span class='ocrx_word' id='word_1_175' title='bbox 673 1688 783 1724; x_wconf 87' lang='lat' dir='ltr'>aetas</span> <span class='ocrx_word' id='word_1_176' title='bbox 811 1686 979 1724; x_wconf 87' lang='lat' dir='ltr'>uidebit.</span> 
     </span>
    </p>

    <p class='ocr_par' dir='ltr' id='par_1_7' title="bbox 276 1749 1538 2128">
     <span class='ocr_line' id='line_1_27' title="bbox 330 1749 1533 1801; baseline -0.002 -11"><span class='ocrx_word' id='word_1_177' title='bbox 330 1753 411 1791; x_wconf 88' lang='lat' dir='ltr'>Hic</span> <span class='ocrx_word' id='word_1_178' title='bbox 431 1755 493 1790; x_wconf 86' lang='lat' dir='ltr'>est</span> <span class='ocrx_word' id='word_1_179' title='bbox 514 1752 883 1801; x_wconf 87' lang='lat' dir='ltr'>inpraesentiarum</span> <span class='ocrx_word' id='word_1_180' title='bbox 904 1751 1120 1789; x_wconf 86' lang='lat' dir='ltr'>uniuersae</span> <span class='ocrx_word' id='word_1_181' title='bbox 1143 1752 1274 1789; x_wconf 87' lang='lat' dir='ltr'>status</span> <span class='ocrx_word' id='word_1_182' title='bbox 1295 1749 1533 1797; x_wconf 71' lang='lat' dir='ltr'>Brittaniae,</span> 
     </span>
     <span class='ocr_line' id='line_1_28' title="bbox 276 1817 1538 1868; baseline -0.003 -11"><span class='ocrx_word' id='word_1_183' title='bbox 276 1832 385 1857; x_wconf 87' lang='lat' dir='ltr'>anno</span> <span class='ocrx_word' id='word_1_184' title='bbox 419 1820 622 1857; x_wconf 87' lang='lat' dir='ltr'>aduentus</span> <span class='ocrx_word' id='word_1_185' title='bbox 650 1819 885 1868; x_wconf 87' lang='lat' dir='ltr'>Anglorum</span> <span class='ocrx_word' id='word_1_186' title='bbox 919 1820 964 1856; x_wconf 92' lang='lat' dir='ltr'>in</span> <span class='ocrx_word' id='word_1_187' title='bbox 997 1818 1247 1856; x_wconf 84' lang='lat' dir='ltr'>Brittaniam</span> <span class='ocrx_word' id='word_1_188' title='bbox 1283 1817 1440 1854; x_wconf 86' lang='lat' dir='ltr'>circiter</span> <span class='ocrx_word' id='word_1_189' title='bbox 1468 1817 1538 1854; x_wconf 90' lang='lat' dir='ltr'>du·</span> 
     </span>
     <span class='ocr_line' id='line_1_29' title="bbox 278 1882 1537 1934; baseline -0.003 -12"><span class='ocrx_word' id='word_1_190' title='bbox 278 1886 499 1923; x_wconf 86' lang='lat' dir='ltr'>centesimo</span> <span class='ocrx_word' id='word_1_191' title='bbox 529 1886 775 1934; x_wconf 88' lang='lat' dir='ltr'>octogesimo</span> <span class='ocrx_word' id='word_1_192' title='bbox 803 1885 960 1934; x_wconf 88' lang='lat' dir='ltr'>quinto.</span> <span class='ocrx_word' id='word_1_193' title='bbox 985 1883 1213 1922; x_wconf 83' lang='lat' dir='ltr'>dominicae</span> <span class='ocrx_word' id='word_1_194' title='bbox 1239 1885 1377 1921; x_wconf 86' lang='lat' dir='ltr'>autem</span> <span class='ocrx_word' id='word_1_195' title='bbox 1407 1882 1537 1919; x_wconf 90' lang='lat' dir='ltr'>incar-</span> 
     </span>
     <span class='ocr_line' id='line_1_30' title="bbox 277 1949 1537 1997; baseline -0.003 -9"><span class='ocrx_word' id='word_1_196' title='bbox 277 1951 456 1989; x_wconf 80' lang='lat' dir='ltr'>nationis</span> <span class='ocrx_word' id='word_1_197' title='bbox 487 1963 597 1988; x_wconf 88' lang='lat' dir='ltr'>anno</span> <span class='ocrx_word' id='word_1_198' title='bbox 631 1949 911 1997; x_wconf 79' lang='lat' dir='ltr'>DCOXXX13</span> <span class='ocrx_word' id='word_1_199' title='bbox 951 1949 995 1987; x_wconf 89' lang='lat' dir='ltr'>in</span> <span class='ocrx_word' id='word_1_200' title='bbox 1035 1949 1151 1987; x_wconf 88' lang='lat' dir='ltr'>cuius</span> <span class='ocrx_word' id='word_1_201' title='bbox 1184 1962 1310 1997; x_wconf 83' lang='lat' dir='ltr'>regno</span> <span class='ocrx_word' id='word_1_202' title='bbox 1341 1949 1537 1997; x_wconf 89' lang='lat' dir='ltr'>perpetuo</span> 
     </span>
     <span class='ocr_line' id='line_1_31' title="bbox 278 2013 1533 2064; baseline -0.004 -10"><span class='ocrx_word' id='word_1_203' title='bbox 278 2017 454 2054; x_wconf 80' lang='lat' dir='ltr'>exsultet</span> <span class='ocrx_word' id='word_1_204' title='bbox 473 2017 590 2063; x_wconf 80' lang='lat' dir='ltr'>terra,</span> <span class='ocrx_word' id='word_1_205' title='bbox 616 2018 656 2053; x_wconf 91' lang='lat' dir='ltr'>et</span> <span class='ocrx_word' id='word_1_206' title='bbox 685 2015 996 2064; x_wconf 85' lang='lat' dir='ltr'>congratulante</span> <span class='ocrx_word' id='word_1_207' title='bbox 1022 2014 1066 2051; x_wconf 93' lang='lat' dir='ltr'>in</span> <span class='ocrx_word' id='word_1_208' title='bbox 1094 2014 1176 2052; x_wconf 90' lang='lat' dir='ltr'>fide</span> <span class='ocrx_word' id='word_1_209' title='bbox 1200 2014 1288 2051; x_wconf 87' lang='lat' dir='ltr'>eius</span> <span class='ocrx_word' id='word_1_210' title='bbox 1318 2013 1533 2060; x_wconf 84' lang='lat' dir='ltr'>Brittania,</span> 
     </span>
     <span class='ocr_line' id='line_1_32' title="bbox 278 2078 1538 2128; baseline -0.003 -9"><span class='ocrx_word' id='word_1_211' title='bbox 278 2082 483 2120; x_wconf 87' lang='lat' dir='ltr'>laetentur</span> <span class='ocrx_word' id='word_1_212' title='bbox 513 2081 675 2119; x_wconf 86' lang='lat' dir='ltr'>insulae</span> <span class='ocrx_word' id='word_1_213' title='bbox 712 2081 880 2128; x_wconf 86' lang='lat' dir='ltr'>multae,</span> <span class='ocrx_word' id='word_1_214' title='bbox 923 2083 963 2118; x_wconf 90' lang='lat' dir='ltr'>et</span> <span class='ocrx_word' id='word_1_215' title='bbox 1002 2080 1278 2118; x_wconf 88' lang='lat' dir='ltr'>confiteantur</span> <span class='ocrx_word' id='word_1_216' title='bbox 1315 2078 1538 2116; x_wconf 88' lang='lat' dir='ltr'>memoriae</span> 
     </span>
    </p>
   </div>
   <div class='ocr_carea' id='block_1_5' title="bbox 277 2147 622 2186">
    <p class='ocr_par' dir='ltr' id='par_1_8' title="bbox 277 2147 622 2186">
     <span class='ocr_line' id='line_1_33' title="bbox 277 2147 622 2186; baseline -0.003 0"><span class='ocrx_word' id='word_1_217' title='bbox 277 2147 504 2186; x_wconf 85' lang='lat' dir='ltr'>sanctitatis</span> <span class='ocrx_word' id='word_1_218' title='bbox 523 2147 622 2185; x_wconf 89' lang='lat' dir='ltr'>eius.</span> 
     </span>
    </p>
   </div>
   <div class='ocr_carea' id='block_1_6' title="bbox 468 2253 1347 2294">
    <p class='ocr_par' dir='ltr' id='par_1_9' title="bbox 468 2253 1347 2294">
     <span class='ocr_line' id='line_1_34' title="bbox 468 2253 1347 2294; baseline -0.002 -8"><span class='ocrx_word' id='word_1_219' title='bbox 468 2255 477 2273; x_wconf 78' lang='lat'>1</span> <span class='ocrx_word' id='word_1_220' title='bbox 502 2256 674 2287; x_wconf 85' lang='lat' dir='ltr'>-farnensi</span> <span class='ocrx_word' id='word_1_221' title='bbox 692 2255 733 2287; x_wconf 90' lang='lat' dir='ltr'>N.</span> <span class='ocrx_word' id='word_1_222' title='bbox 866 2254 876 2271; x_wconf 88' lang='lat'><strong>²</strong></span> <span class='ocrx_word' id='word_1_223' title='bbox 899 2264 953 2294; x_wconf 79' lang='lat' dir='ltr'>ag·</span> <span class='ocrx_word' id='word_1_224' title='bbox 972 2254 1014 2285; x_wconf 81' lang='lat' dir='ltr'>N.</span> <span class='ocrx_word' id='word_1_225' title='bbox 1140 2253 1151 2271; x_wconf 82' lang='lat'><strong><em>³</em></strong></span> <span class='ocrx_word' id='word_1_226' title='bbox 1175 2254 1292 2294; x_wconf 86' lang='lat' dir='ltr'>pecht-</span> <span class='ocrx_word' id='word_1_227' title='bbox 1312 2254 1347 2285; x_wconf 92' lang='lat' dir='ltr'>C.</span> 
     </span>
    </p>
   </div>
  </div>
 </body>
</html>
