1803 2887
234 182 313 213 CAP.
330 176 422 217 VIL]
651 168 805 211 Gentis
835 169 1106 224 Anylorum.
1402 172 1486 212 219

231 288 401 325 uocatur
420 286 645 324 Cerotaesei
659 285 680 333 ¹,
699 285 740 322 id
762 287 823 323 est
839 283 996 323 Ceroti²
1013 284 1149 322 insula
1169 299 1177 332 ;
1206 285 1333 322 sorori
1352 287 1490 322 autem

231 353 275 389 in
291 351 563 390 Orientalium
576 352 587 369 ³
604 351 813 388 Saxonum
829 350 1047 399 prouincia,
1067 350 1111 387 in
1133 350 1230 397 loco,
1249 351 1319 399 qui
1339 363 1492 387 nuncu-

231 419 352 466 patur
384 418 437 455 In
472 417 745 465 Berecingum
758 416 782 463 ⁴,
820 416 865 453 in
899 429 979 464 quo
1013 416 1100 464 ipsa
1130 416 1216 453 Deo
1248 416 1489 453 deuotarum

232 484 364 520 mater
401 495 446 520 ac
483 482 623 519 nutrix
661 483 796 530 posset
835 481 1006 519 existere
1048 481 1307 519 feminarum.
1380 480 1490 528 Quae

232 549 422 595 suscepto
450 547 689 584 monasterii
717 546 926 595 regimine,
952 546 1199 595 condignam
1225 559 1267 583 se
1296 546 1339 582 in
1365 547 1492 583 omni-

231 612 307 649 bus
328 613 514 662 episcopo
542 612 676 658 fratre,
703 614 743 649 et
771 612 857 661 ipsa
885 613 992 649 recte
1021 612 1208 659 uiuendo,
1234 613 1274 649 et
1301 611 1492 648 subiectis

232 678 474 727 regulariter
510 678 582 715 ac⁵
620 678 687 727 pie
724 677 973 715 consulendo
1014 677 1229 726 praebuit3
1277 679 1323 715 ut
1367 677 1491 714 etiam

233 743 419 781 caelestia
447 743 598 781 indicio
628 743 741 780 fuere
770 742 978 781 miracula.

740 889 860 928 CAP.
885 889 983 927 VII.

238 1003 274 1030 Ut
289 1003 323 1030 in
340 1002 519 1030 monasterio
535 1001 725 1030 Berz'cinensi
738 997 757 1039 ⁶,
773 1002 827 1029 vbi
842 1010 961 1036 comem
979 1000 1473 1036 sanclimonz'cdc'nmfiminarmn
1484 996 1496 1014 '⁷

495 1055 573 1089 poni
588 1055 733 1090 deberent,
749 1054 864 1082 caelesti
879 1055 918 1082 sit
935 1054 996 1082 luce
1012 1056 1227 1083 monstratzml.

288 1141 339 1179 IN
359 1142 434 1179 hoc
455 1142 609 1180 etenim
629 1142 877 1179 monasterio
898 1142 1015 1191 plura
1035 1142 1240 1180 uirtutum
1262 1143 1358 1180 sunt
1378 1141 1494 1191 signa

232 1209 397 1256 patrata,
442 1221 543 1257 quae
585 1209 653 1246 et8
697 1209 747 1246 ad
796 1208 1039 1246 memoriam
1086 1208 1494 1256 aedificationemque

233 1275 496 1321 sequentium
535 1273 586 1312 ab
623 1274 698 1322 his,
743 1274 811 1322 qui
850 1286 1011 1321 nouere,
1051 1273 1252 1322 descripta
1290 1273 1495 1310 habentur

232 1351 255 1376 a
281 1338 454 1386 multis;
485 1353 506 1377 e
527 1339 674 1388 quibus
699 1341 739 1377 et
765 1352 839 1376 nos
865 1339 1001 1388 aliqua
1029 1338 1223 1376 historiae
1249 1340 1411 1376 nostrae
1440 1352 1496 1376 ec-

233 1403 478 1442 clesiasticae
504 1404 682 1442 inserere
701 1405 945 1443 curauimus,
1003 1404 1106 1442 Cum
1128 1406 1351 1452 tempestas
1377 1417 1496 1453 saepe

234 1470 390 1507 dietae⁹
424 1470 549 1508 cladis
583 1471 662 1508 late
697 1472 843 1508 cuncta
877 1470 1140 1519 depopulans
1177 1470 1301 1507 etiam
1335 1471 1494 1518 partem

233 1536 472 1575 monasterii
484 1536 609 1573 huius
621 1537 644 1554 '⁰
657 1536 783 1584 illam,
802 1549 880 1584 qua
893 1536 971 1573 uiri
987 1535 1244 1582 tenebantur,
1262 1535 1491 1583 inuasisset,

235 1602 275 1638 et
308 1601 460 1649 passim
494 1601 641 1639 cotidie
674 1603 915 1650 raperentur
947 1601 997 1639 ad
1027 1601 1281 1648 Dominum3
1321 1601 1496 1639 sollicita

234 1668 366 1704 mater
385 1667 720 1717 congregationis,
747 1680 823 1716 qua
844 1667 943 1704 hora
963 1667 1087 1703 etiam
1108 1679 1198 1704 eam
1219 1667 1457 1704 monasterii
1471 1665 1497 1684 ¹¹

234 1734 403 1780 partem,
438 1746 516 1781 qua
549 1733 799 1770 aucellarum
834 1732 912 1770 Dei
944 1734 1104 1769 caterua
1138 1745 1160 1769 a
1192 1732 1376 1769 uirorum
1411 1734 1495 1770 erat

235 1799 388 1835 secreta
418 1797 698 1846 contubernio,
723 1798 865 1836 eadem
891 1797 1008 1848 plaga
1028 1800 1225 1847 tangeret,
1251 1798 1430 1836 crebrius
1451 1799 1495 1835 in

235 1864 443 1900 conuentu
464 1877 648 1901 sororum
668 1864 901 1913 perquirere
922 1864 1063 1912 coepit,
1090 1877 1169 1912 quo
1190 1863 1269 1901 loci
1289 1865 1333 1901 in
1360 1877 1496 1901 mona-

235 1929 359 1966 sterio
389 1942 554 1977 corpora
587 1942 660 1967 sua
692 1929 801 1978 poni,
836 1931 877 1967 et
911 1929 1175 1979 cymiterium
1204 1929 1293 1966 fieri
1324 1929 1491 1977 uellent,

235 2007 330 2032 cum
346 2008 412 2032 eas
432 1995 586 2043 eodem,
605 2009 685 2044 quo
702 1997 855 2032 ceteros
871 1995 1116 2032 exterminio
1135 1995 1286 2043 raptari
1302 2008 1323 2032 e
1339 1996 1496 2033 mundo

235 2060 500 2110 contingeret.
567 2061 753 2109 Cumque
801 2060 907 2098 nihil
946 2061 1044 2098 certi
1091 2060 1287 2109 responsi,
1330 2061 1497 2098 tametsi

235 2125 396 2175 saepius
423 2126 647 2175 inquirens,
679 2140 701 2164 a
730 2126 936 2163 sororibus
964 2126 1194 2174 accepisset,
1228 2127 1381 2175 accepit
1408 2126 1495 2175 ipsa

235 2203 329 2228 cum
369 2192 562 2229 omnibus
601 2193 877 2230 certissimum
920 2205 1120 2240 supernae
1153 2192 1401 2240 prouisionis
1439 2205 1494 2229 re-

233 2268 442 2304 sponsum.
504 2258 609 2296 Cum
643 2258 755 2295 enim
790 2260 908 2295 nocte
940 2257 1127 2306 quadam,
1162 2257 1335 2306 expletis
1368 2259 1496 2295 matu-

233 2321 343 2360 tinae
374 2322 507 2361 laudis
540 2323 790 2372 psalmodiis,
822 2336 1005 2372 egressae
1035 2323 1083 2360 de
1113 2322 1287 2361 oratorio
1317 2322 1495 2360 famulae

278 2431 287 2449 ¹
311 2433 477 2463 cerotesei
495 2433 532 2463 C.
655 2431 668 2451 ²
693 2434 823 2463 ceoroti
841 2433 866 2464 C
882 2443 889 2470 ;
914 2432 1048 2463 cerothi
1066 2432 1107 2462 N.
1218 2430 1230 2450 3
1255 2435 1444 2462 abbreviated
1462 2435 1493 2461 ἱη

233 2481 268 2511 Μ
283 2491 290 2518 ;
315 2482 423 2512 -libus
440 2482 465 2512 C
481 2493 488 2520 ;
512 2483 553 2512 -li
570 2482 649 2514 edd.
858 2482 869 2499 ⁴
894 2483 1100 2522 bercingum
1117 2482 1154 2513 C.
1360 2482 1372 2499 ⁵
1396 2484 1430 2512 et
1448 2482 1494 2513 M.

234 2531 245 2548 ⁶
268 2533 469 2564 bernicensi
486 2535 529 2565 N.
655 2533 666 2550 ⁷
690 2534 919 2573 feminarum,
937 2538 1035 2565 added
1050 2545 1088 2564 on
1104 2537 1230 2572 maryz'n
1247 2534 1292 2564 M.
1425 2533 1436 2550 ⁵⁵
1459 2537 1493 2565 et

236 2595 295 2616 om.
307 2585 347 2617 B.
363 2586 419 2625 Al.
436 2586 488 2624 R„
506 2586 543 2626 O¹
562 2586 618 2618 &a
711 2587 722 2605 ⁹
747 2587 842 2618 dicta
853 2587 900 2618 M.
989 2586 1013 2604 ¹⁰
1037 2587 1112 2618 eius
1124 2587 1166 2619 N.
1256 2584 1279 2602 ¹¹
1303 2586 1348 2616 -ri
1361 2586 1408 2618 M.

1521 1153 1673 1180 Miracles
1690 1155 1724 1179 at

1520 1193 1677 1225 Barking.
