1803 2887
31 1585 51 1615 f.
70 1593 114 1613 102
129 1591 156 1611 a.

37 2039 199 2068 Matt.viii.

38 2088 137 2114 ¹4-15;

37 2119 95 2146 Mc.
114 2118 132 2146 i.
149 2128 204 2153 30—

37 2168 63 2192 3¹
78 2168 84 2191 ;
107 2158 182 2186 Luc.

39 2197 76 2225 iv.
94 2200 192 2233 38-39.

215 158 294 188 Cn.
313 154 385 195 IV.]
613 145 763 188 Gentis
794 143 1066 198 An9l0rum.
1386 140 1469 181 287

214 275 298 299 non
329 261 450 310 longe
483 273 506 298 a
535 258 785 297 monasterio
814 259 965 304 nostro,
1000 256 1040 294 id
1068 257 1129 293 est
1159 252 1312 293 duum¹
1343 253 1471 290 ferme

214 326 378 364 milium
423 325 553 374 spatio
596 323 835 373 separata2;
875 322 991 360 cuius
1033 321 1181 359 coniux
1226 319 1301 357 XL
1342 318 1471 355 ferme

214 391 359 429 diebus
402 392 488 428 erat
535 389 798 428 acerbissimo
815 389 827 408 3
870 388 1040 436 langore
1085 386 1263 431 detenta,
1316 384 1375 421 ita
1422 386 1467 420 ut

213 457 348 495 tribus
386 455 626 505 septimanis
663 468 748 493 non
789 455 925 503 posset
970 453 1019 490 de
1061 450 1259 497 cubiculo,
1302 449 1346 487 in
1390 462 1469 498 quo

214 523 379 569 iacebat,
425 522 533 559 foras
580 520 724 558 efferri.
789 518 972 567 Contigit
1014 519 1152 555 autem
1196 529 1242 553 eo
1287 517 1471 563 tempore

215 588 353 625 uirum
388 587 463 625 Dei
500 586 572 624 illo
611 586 660 624 ad
695 585 963 623 dedicandam
998 582 1210 621 ecclesiam
1243 581 1292 619 ab
1327 580 1470 617 eodem

214 653 362 691 comite
382 652 527 690 uocari.
588 652 774 700 Cumque
789 650 970 688 dedicata
992 650 1096 686 esset
1116 647 1293 693 ecclesia,
1313 644 1470 694 rogauit

215 731 351 757 comes
377 731 472 755 eum
498 717 548 755 ad
576 717 860 766 prandendum
884 715 928 752 in
959 715 1129 752 domum
1156 725 1273 750 suam
1297 710 1466 760 ingredi.

215 783 401 822 Rennuit
434 783 645 832 episcopus
678 781 818 819 dicens
855 794 897 818 se
930 780 979 817 ad
1018 777 1325 824 monasterium⁷
1364 775 1473 825 quod

215 849 400 899 proxime
420 851 515 896 erat,
541 848 688 886 debere
703 846 866 885 reuerti.
918 846 975 883 At
992 845 1063 882 ille
1080 843 1271 882 obn'mius
1288 841 1474 891 precibus

214 915 383 961 instans,
396 914 512 952 uouit
525 915 536 931 ⁴
552 913 675 951 etiam
691 925 733 950 se
746 912 994 961 elimosynas
1005 909 1251 959 pauperibus
1266 908 1470 951 daturum,

217 980 442 1018 dummodo
468 978 538 1016 ille
565 978 802 1027 dignaretur
830 990 877 1014 eo
907 977 971 1014 die
996 975 1167 1013 domum
1196 987 1313 1012 suam
1340 972 1474 1021 ingre-

217 1045 334 1084 diens
354 1044 556 1082 ieiunium
579 1043 748 1081 soluere.
810 1041 967 1092 Rogaui
991 1043 1032 1079 et
1059 1054 1133 1090 ego
1158 1053 1240 1078 una
1267 1052 1361 1076 cum
1388 1038 1471 1083 illo.

216 1111 462 1161 promittens
482 1110 607 1147 etiam
626 1123 694 1147 me
715 1109 961 1158 elimosynas
978 1107 1022 1145 in
1042 1106 1281 1145 alimoniam
1303 1104 1475 1153 inopum

217 1177 320 1223 dare,
359 1177 459 1213 dum
493 1175 563 1213 ille
601 1175 772 1213 domum
807 1173 970 1212 comitis
1006 1185 1243 1222 pransurus,
1282 1184 1326 1208 ac
1360 1170 1477 1207 bene-

217 1241 443 1280 dictionem
482 1241 652 1279 daturus
689 1240 873 1277 intraret.
944 1239 1130 1287 Cumque
1164 1238 1240 1275 hoc
1279 1236 1393 1274 tarde
1431 1248 1474 1272 ac

219 1307 436 1346 difficulter
472 1307 783 1355 inpetraremus„
822 1305 1072 1343 intrauimus
1110 1304 1159 1341 ad
1191 1301 1471 1341 reficiendum.

218 1373 384 1411 Miserat
405 1375 543 1410 autem
565 1372 780 1421 episcopus
799 1371 974 1418 mulieri,
996 1383 1098 1419 quae
1118 1369 1286 1406 infirma
1306 1366 1471 1407 iacebat,

218 1439 268 1476 de
305 1452 410 1487 aqua
446 1438 670 1485 benedicta,
713 1450 837 1486 quam
874 1437 919 1474 in
953 1435 1249 1473 dedicationem
1286 1431 1477 1471 ecclesiae

219 1506 534 1551 consecrauerat,
559 1516 631 1552 per
656 1516 788 1540 unum
814 1502 864 1540 de
888 1501 964 1548 his,
990 1500 1059 1550 qui
1079 1513 1243 1538 mecum
1264 1499 1473 1541 uenerant,

225 1570 467 1616 [fratribus3
506 1568 767 1618 praecipiens
806 1570 853 1606 ut
884 1567 1130 1617 gustandam
1164 1566 1227 1603 illi
1261 1566 1384 1612 daret,
1425 1568 1474 1607 et,

222 1635 472 1684 ubicumque
501 1634 731 1672 maximum
757 1633 793 1672 ei
816 1633 1000 1671 dolorem
1026 1633 1160 1670 inesse
1188 1632 1404 1678 didicisset,
1429 1633 1479 1670 de

221 1701 309 1751 ipsa
336 1714 424 1738 eam
453 1714 557 1750 aqua
584 1700 749 1738 lauaret.
812 1699 927 1748 Quod
952 1701 999 1736 ut
1026 1699 1180 1736 factum
1206 1700 1278 1744 est,
1304 1697 1479 1735 surrexit

222 1766 364 1805 statim
385 1766 534 1804 mulier
558 1779 665 1811 sana,
690 1767 730 1803 et
754 1779 838 1803 non
865 1764 1001 1802 solum
1027 1777 1070 1802 se
1095 1763 1338 1801 infirmitate
1358 1763 1481 1812 longa

223 1846 366 1879 carere⁷
392 1832 461 1869 sed
481 1834 522 1870 et
537 1831 716 1881 perditas
732 1831 888 1869 dudum
909 1831 1018 1868 uires
1038 1829 1234 1878 recepisse
1249 1830 1261 1848 ⁵
1281 1828 1476 1870 sentiens,

223 1898 374 1937 obtulit
401 1897 595 1947 poculum
615 1897 801 1946 episcopo
828 1909 872 1934 ac
892 1896 1035 1943 nobis3
1066 1897 1338 1944 coeptumque
1364 1894 1482 1932 mini-

224 1964 396 2002 sterium
417 1963 535 2000 nobis
562 1962 756 2000 omnibus
776 1961 1023 2011 propinandi
1044 1974 1171 2009 usque
1190 1960 1240 1998 ad
1261 1960 1481 2009 prandium

224 2030 461 2079 conpletum
495 2042 580 2066 non
618 2028 785 2075 omisit;
824 2027 985 2065 imitata
1015 2039 1176 2064 socrum
1209 2025 1316 2064 beati
1354 2025 1477 2066 Petri,

226 2108 329 2145 quae
350 2108 442 2132 cum
464 2093 641 2131 febrium
660 2093 806 2131 fuisset
825 2092 1040 2130 ardoribus
1055 2092 1232 2141 fatigata,
1257 2091 1306 2129 ad
1327 2093 1482 2129 tactum

227 2173 376 2198 manus
396 2158 624 2197 dominicae
645 2159 831 2206 surrexit,
857 2159 898 2195 et
917 2158 1092 2196 sanitate
1114 2157 1237 2195 simul
1263 2170 1306 2194 ac
1328 2157 1484 2194 uirtute

227 2228 386 2274 recepta
406 2225 666 2262 ministrabat
688 2225 772 2262 eis.'

275 2327 279 2343 ¹
307 2327 457 2357 duorum
475 2327 510 2357 C.
603 2324 614 2342 ²
637 2336 750 2365 seper·
769 2325 811 2355 M.
904 2324 917 2343 3
941 2334 1057 2355 aceru-
1080 2324 1123 2354 M.
1144 2324 1182 2355 B.
1204 2324 1228 2355 C
1245 2347 1251 2354 .
1271 2323 1311 2354 N.
1391 2322 1401 2339 ‘²
1427 2333 1484 2354 uw-

230 2380 297 2409 luit
315 2380 351 2410 C.
371 2382 439 2409 with
457 2379 467 2408 1
485 2381 600 2410 deleted.
709 2377 719 2394 ⁵
744 2378 852 2417 recip-
869 2377 912 2408 M.
934 2377 967 2408 C.
