1803 2887
111 1080 130 1105 f.
149 1087 175 1113 71
194 1078 220 1105 b.

301 183 377 213 Cn.
396 178 440 219 1.]
701 172 852 214 Gentis
882 171 1150 226 Aozylorum.
1470 173 1552 212 5203

303 287 509 324 doctrinae
553 289 787 335 cooperator
827 286 1006 324 existens
1044 286 1262 334 diligenter
1302 287 1551 333 adtenderet,

303 365 354 389 ne
402 351 499 400 quid
546 352 617 389 ille
659 351 911 389 contrarium
965 351 1132 388 ueritati
1176 350 1282 397 fidei,
1331 352 1555 388 Grecorum

302 430 426 464 more,
461 417 506 454 in
535 417 756 463 ecclesiam,
790 415 855 453 cui
883 417 1095 464 praeesset,
1129 416 1416 453 introduceret.
1478 416 1556 463 Qui

304 482 575 520 subdiaconus
596 481 807 519 ordinatus
831 481 928 518 IIII
955 481 1206 530 exspectauit
1231 494 1404 528 menses,
1429 481 1557 518 donec

303 547 367 584 illi
406 560 520 585 coma
559 549 764 594 cresceret,
803 560 882 596 quo
922 546 967 584 in
1005 559 1198 584 coronam
1235 546 1354 584 tondi
1395 548 1558 595 posset3

304 612 501 650 habuerat
547 612 659 650 enim
706 614 919 649 tonsuram
960 624 1072 649 more
1120 611 1381 649 orientalium
1429 611 1558 648 sancti

304 678 475 726 apostoli
508 677 638 716 Pauli.
701 677 780 725 Qui
812 676 1023 714 ordinatus
1061 678 1123 714 est
1157 689 1180 714 a
1213 676 1423 714 Uitaliano
1457 690 1559 725 papa

303 755 411 780 anno
432 742 658 780 dominicae
678 742 968 780 incarnationis
988 741 1263 789 DOLXVIII,
1283 742 1359 779 sub
1377 742 1442 780 die
1456 741 1555 779 VII.

305 808 586 846 Kalendarum
620 808 843 857 Aprilium,
881 807 1096 845 dominica.
1157 807 1212 844 Et
1250 807 1307 845 ita
1347 820 1429 845 una
1466 820 1561 845 cum

304 872 515 911 Hadriano
534 873 624 911 VL¹
646 873 854 911 Kalendas
875 872 1017 910 Iunias
1037 872 1285 910 Brittaniam
1316 872 1465 910 missus
1486 874 1557 910 est.

306 938 384 986 Qui
404 951 498 976 cum
518 939 670 987 pariter
688 951 760 987 per
782 951 894 975 mare
919 938 969 975 ad
994 937 1228 984 Massiliam,
1252 951 1296 975 ac
1323 937 1470 975 deinde
1490 951 1562 986 per

306 1006 454 1041 terram
484 1004 660 1041 Arhelas
692 1003 986 1052 peruenissent,
1020 1005 1060 1040 et
1091 1002 1353 1040 tradidissent
1382 1002 1560 1040 Iohanni

304 1069 602 1118 archiepiscopo
643 1069 821 1107 ciuitatis
867 1069 979 1106 illius
1019 1068 1169 1116 scripta
1195 1066 1198 1117 Ι
1225 1068 1561 1106 commendaticia

305 1134 505 1172 Uitaliani
551 1135 768 1184 pontificis,
810 1135 961 1172 retenti
1007 1136 1107 1172 sunt
1152 1134 1202 1171 ab
1249 1147 1307 1181 eo,
1351 1147 1560 1183 quousque

305 1200 486 1237 Ebrinus
506 1201 634 1238 maior
653 1200 800 1238 domus
828 1199 959 1249 regiae
987 1199 1143 1247 copiam
1166 1199 1371 1248 pergendi,
1397 1212 1560 1248 quoquo

305 1265 472 1313 uellent,
497 1266 642 1303 tribuit
662 1266 729 1304 eis.
791 1266 877 1313 Qua
900 1267 1062 1313 accepta
1091 1264 1330 1302 Theodorus
1356 1264 1561 1313 profectus

305 1333 366 1369 est
395 1332 446 1369 ad
476 1331 787 1380 Agilberctum2
814 1330 1091 1369 Parisiorum³
1121 1331 1367 1379 episcopum,
1402 1331 1452 1368 de
1481 1344 1561 1379 quo

304 1397 488 1446 superius
509 1397 699 1445 diximus,
725 1399 764 1435 et
784 1397 833 1435 ab
855 1410 900 1434 eo
920 1396 1096 1445 benigne
1120 1397 1341 1444 susceptus
1366 1397 1407 1432 et
1426 1396 1559 1433 multo

304 1464 487 1512 tempore
507 1463 673 1501 habitus
700 1464 770 1501 est.
832 1462 1071 1500 Hadrianus
1095 1462 1273 1510 perrexit
1298 1461 1482 1510 primum
1508 1462 1558 1499 ad

304 1527 454 1566 Emme
470 1530 482 1548 4
508 1529 729 1576 Senonum,
761 1530 801 1566 et
824 1529 962 1578 postea
987 1528 1037 1565 ad
1067 1528 1268 1565 Faronem
1284 1527 1297 1546 5
1326 1526 1560 1564 Meldorum

304 1594 520 1643 episcopos
547 1596 587 1632 et
607 1594 710 1632 bene
731 1594 805 1631 sub
829 1594 886 1631 eis
907 1593 1062 1631 diutius
1082 1593 1161 1630 fuit
1179 1607 1187 1640 3
1217 1594 1402 1641 coegerat
1415 1592 1427 1611 ⁶
1448 1592 1559 1630 eniin

305 1672 373 1697 eos
392 1659 603 1697 inminens
628 1659 772 1707 hiems,
798 1661 854 1706 ut,
879 1659 1126 1707 ubicumque
1153 1657 1395 1706 potuissent,
1431 1657 1561 1706 quieti

304 1727 529 1763 manerent.
605 1725 721 1773 Quod
761 1738 855 1762 cum
893 1724 1032 1762 nuntii
1068 1724 1167 1761 certi
1206 1725 1438 1761 narrassent
1476 1723 1562 1772 regi

304 1791 562 1839 Ecgbercto⁷,
600 1804 686 1828 esse
720 1790 872 1828 scilicet
913 1791 1159 1839 episcopum,
1196 1802 1320 1838 quem
1358 1789 1559 1838 petierant

304 1869 326 1893 a
357 1856 541 1894 Romano
575 1856 761 1894 antistite
791 1856 836 1894 in
869 1869 994 1905 regno
1033 1856 1294 1902 Francorum,
1335 1854 1450 1892 misit
1487 1854 1560 1891 illo

304 1923 498 1959 continuo
514 1922 781 1960 Raedfridum
794 1922 1045 1971 praefectum
1061 1934 1183 1959 suum
1203 1921 1253 1959 ad
1272 1920 1561 1958 adducendum

304 2001 425 2035 eum;
469 2001 549 2037 quo
581 2001 675 2025 cum
709 1987 901 2035 uenisset,
937 1987 1139 2025 adsumsit
1171 1986 1434 2024 Theodorum
1467 1998 1561 2023 cuin

303 2053 448 2091 Ebrini
486 2053 662 2101 licentia,
705 2055 746 2091 et
792 2052 986 2101 perduxit
1034 2066 1130 2090 eum
1178 2052 1227 2090 ad
1275 2054 1452 2101 portum,
1497 2051 1562 2089 cui

303 2132 456 2157 nomen
513 2121 573 2157 est
622 2118 875 2167 Quentauic3
932 2118 1030 2156 ubis
1075 2117 1271 2167 fatigatus
1318 2117 1561 2155 infirmitate

303 2184 596 2234 aliquantisper
626 2187 810 2222 moratus
844 2186 914 2231 est,
949 2186 1000 2231 et,
1035 2197 1129 2221 cum
1159 2183 1443 2221 conualescere
1481 2196 1562 2220 coe-

304 2250 439 2299 pisset,
496 2250 708 2300 nauigauit
766 2249 1025 2288 Brittaniam.
1105 2249 1367 2287 Hadrianum
1423 2250 1562 2286 autem

305 2315 484 2354 Ebrinus
516 2316 697 2363 retinuit,
738 2315 933 2365 quoniam
965 2314 1246 2364 suspicabatur
1284 2328 1380 2352 eum
1413 2315 1562 2352 habere

305 2380 483 2431 aliquam
520 2381 770 2430 legationem
807 2381 1063 2430 imperatoris
1099 2381 1149 2419 ad
1185 2380 1415 2418 Brittaniae
1448 2393 1562 2429 reges

346 2488 357 2506 1
381 2499 414 2520 v.
433 2491 475 2522 N.
591 2491 602 2509 ²
626 2491 807 2522 —berhtum
824 2492 860 2523 C.
972 2490 983 2508 3
1007 2501 1161 2522 -seorum
1178 2490 1238 2523 M1.
1349 2489 1360 2507 4
1384 2500 1480 2520 -men
1499 2489 1560 2521 M2.

304 2541 315 2559 ⁵
339 2541 491 2573 fororem
508 2543 550 2574 Nl
567 2554 575 2582 ;
598 2543 759 2575 foronem
776 2543 831 2576 N2.
961 2542 972 2560 ⁶
995 2545 1132 2584 cogerat
1148 2543 1195 2575 M.
1314 2541 1325 2558 ⁷
1348 2543 1508 2574 -berchto
1525 2542 1562 2573 C.

305 2591 316 2608 ⁸
340 2593 389 2624 ibi
405 2594 452 2626 M.
