<?xml version="1.0" encoding="UTF-8"?>
<!DOCTYPE html PUBLIC "-//W3C//DTD XHTML 1.0 Transitional//EN"
    "http://www.w3.org/TR/xhtml1/DTD/xhtml1-transitional.dtd">
<html xmlns="http://www.w3.org/1999/xhtml" xml:lang="en" lang="en">
 <head>
  <title>
</title>
<meta http-equiv="Content-Type" content="text/html;charset=utf-8" />
  <meta name='ocr-system' content='tesseract 3.04.00' />
  <meta name='ocr-capabilities' content='ocr_page ocr_carea ocr_par ocr_line ocrx_word'/>
</head>
<body>
  <div class='ocr_page' id='page_1' title='image "./venerabilisbaeda00bedeuoft_0299.png"; bbox 0 0 1803 2887; ppageno 0'>
   <div class='ocr_carea' id='block_1_1' title="bbox 0 0 36 2887">
    <p class='ocr_par' dir='ltr' id='par_1_1' title="bbox 0 0 36 2887">
     <span class='ocr_line' id='line_1_1' title="bbox 0 0 36 2887; baseline 0 0"><span class='ocrx_word' id='word_1_1' title='bbox 0 0 36 2887; x_wconf 95' lang='lat' dir='ltr'> </span> 
     </span>
    </p>
   </div>
   <div class='ocr_carea' id='block_1_2' title="bbox 253 168 1507 226">
    <p class='ocr_par' dir='ltr' id='par_1_2' title="bbox 253 168 1507 226">
     <span class='ocr_line' id='line_1_2' title="bbox 253 168 1507 226; baseline -0.006 -11"><span class='ocrx_word' id='word_1_2' title='bbox 253 185 332 215; x_wconf 61' lang='lat' dir='ltr'>Cn.</span> <span class='ocrx_word' id='word_1_3' title='bbox 349 179 444 221; x_wconf 85' lang='lat' dir='ltr'>xl1.]</span> <span class='ocrx_word' id='word_1_4' title='bbox 650 171 802 215; x_wconf 71' lang='lat' dir='ltr'>Gentis</span> <span class='ocrx_word' id='word_1_5' title='bbox 832 171 1102 226; x_wconf 66' lang='lat' dir='ltr'>Anylorum.</span> <span class='ocrx_word' id='word_1_6' title='bbox 1426 168 1507 209; x_wconf 83' lang='lat'>109</span> 
     </span>
    </p>
   </div>
   <div class='ocr_carea' id='block_1_3' title="bbox 246 281 1507 2429">
    <p class='ocr_par' dir='ltr' id='par_1_3' title="bbox 246 281 1507 2102">
     <span class='ocr_line' id='line_1_3' title="bbox 251 281 1507 333; baseline -0.004 -8"><span class='ocrx_word' id='word_1_7' title='bbox 251 286 383 325; x_wconf 86' lang='lat' dir='ltr'>cedis¹</span> <span class='ocrx_word' id='word_1_8' title='bbox 414 286 508 324; x_wconf 85' lang='lat' dir='ltr'>dare</span> <span class='ocrx_word' id='word_1_9' title='bbox 540 285 645 323; x_wconf 88' lang='lat' dir='ltr'>uelis</span> <span class='ocrx_word' id='word_1_10' title='bbox 679 285 726 332; x_wconf 92' lang='lat' dir='ltr'>ei,</span> <span class='ocrx_word' id='word_1_11' title='bbox 766 284 875 333; x_wconf 83' lang='lat' dir='ltr'>siqui</span> <span class='ocrx_word' id='word_1_12' title='bbox 908 284 972 331; x_wconf 88' lang='lat' dir='ltr'>sit,</span> <span class='ocrx_word' id='word_1_13' title='bbox 1008 283 1076 333; x_wconf 90' lang='lat' dir='ltr'>qui</span> <span class='ocrx_word' id='word_1_14' title='bbox 1106 283 1172 321; x_wconf 89' lang='grc'><strong>1115</strong></span> <span class='ocrx_word' id='word_1_15' title='bbox 1204 285 1246 320; x_wconf 88' lang='lat' dir='ltr'>te</span> <span class='ocrx_word' id='word_1_16' title='bbox 1279 281 1507 320; x_wconf 75' lang='lat' dir='ltr'>meroribus</span> 
     </span>
     <span class='ocr_line' id='line_1_4' title="bbox 250 348 1506 398; baseline -0.004 -9"><span class='ocrx_word' id='word_1_17' title='bbox 250 352 446 398; x_wconf 86' lang='lat' dir='ltr'>absoluat,</span> <span class='ocrx_word' id='word_1_18' title='bbox 471 352 511 388; x_wconf 90' lang='lat' dir='ltr'>et</span> <span class='ocrx_word' id='word_1_19' title='bbox 534 350 745 388; x_wconf 85' lang='lat' dir='ltr'>Redualdo</span> <span class='ocrx_word' id='word_1_20' title='bbox 769 349 947 397; x_wconf 80' lang='lat' dir='ltr'>suadeat,</span> <span class='ocrx_word' id='word_1_21' title='bbox 971 351 1019 387; x_wconf 91' lang='lat' dir='ltr'>ut</span> <span class='ocrx_word' id='word_1_22' title='bbox 1044 362 1119 387; x_wconf 90' lang='lat' dir='ltr'>nec</span> <span class='ocrx_word' id='word_1_23' title='bbox 1145 349 1231 398; x_wconf 86' lang='lat' dir='ltr'>ipse</span> <span class='ocrx_word' id='word_1_24' title='bbox 1257 348 1333 386; x_wconf 92' lang='lat' dir='ltr'>tibi</span> <span class='ocrx_word' id='word_1_25' title='bbox 1353 348 1506 397; x_wconf 84' lang='lat' dir='ltr'>aliquid</span> 
     </span>
     <span class='ocr_line' id='line_1_5' title="bbox 251 413 1506 463; baseline -0.004 -8"><span class='ocrx_word' id='word_1_26' title='bbox 251 417 352 454; x_wconf 90' lang='lat' dir='ltr'>mali</span> <span class='ocrx_word' id='word_1_27' title='bbox 374 417 504 463; x_wconf 81' lang='lat' dir='ltr'>faciat,</span> <span class='ocrx_word' id='word_1_28' title='bbox 530 429 604 453; x_wconf 89' lang='lat' dir='ltr'>nec</span> <span class='ocrx_word' id='word_1_29' title='bbox 632 415 716 453; x_wconf 89' lang='lat' dir='ltr'>tuis</span> <span class='ocrx_word' id='word_1_30' title='bbox 742 417 784 452; x_wconf 92' lang='lat' dir='ltr'>te</span> <span class='ocrx_word' id='word_1_31' title='bbox 810 414 999 452; x_wconf 75' lang='lat' dir='ltr'>hostibus</span> <span class='ocrx_word' id='word_1_32' title='bbox 1027 414 1316 463; x_wconf 89' lang='lat' dir='ltr'>perimendum</span> <span class='ocrx_word' id='word_1_33' title='bbox 1344 413 1506 451; x_wconf 86' lang='lat' dir='ltr'>tradat.’</span> 
     </span>
     <span class='ocr_line' id='line_1_6' title="bbox 252 478 1506 530; baseline -0.004 -10"><span class='ocrx_word' id='word_1_34' title='bbox 252 483 331 530; x_wconf 83' lang='lat' dir='ltr'>Qui</span> <span class='ocrx_word' id='word_1_35' title='bbox 350 496 445 520; x_wconf 92' lang='lat' dir='ltr'>cum</span> <span class='ocrx_word' id='word_1_36' title='bbox 464 495 505 519; x_wconf 88' lang='lat' dir='ltr'>se</span> <span class='ocrx_word' id='word_1_37' title='bbox 526 480 674 528; x_wconf 87' lang='lat' dir='ltr'>omnia,</span> <span class='ocrx_word' id='word_1_38' title='bbox 700 493 801 529; x_wconf 86' lang='lat' dir='ltr'>quae</span> <span class='ocrx_word' id='word_1_39' title='bbox 821 481 968 528; x_wconf 86' lang='lat' dir='ltr'>posset,</span> <span class='ocrx_word' id='word_1_40' title='bbox 992 479 1087 517; x_wconf 88' lang='lat' dir='ltr'>huic</span> <span class='ocrx_word' id='word_1_41' title='bbox 1108 479 1182 517; x_wconf 84' lang='lat' dir='ltr'>tali</span> <span class='ocrx_word' id='word_1_42' title='bbox 1201 492 1274 528; x_wconf 87' lang='lat' dir='ltr'>pro</span> <span class='ocrx_word' id='word_1_43' title='bbox 1295 478 1480 516; x_wconf 81' lang='lat' dir='ltr'>mercede</span> <span class='ocrx_word' id='word_1_44' title='bbox 1493 478 1506 498; x_wconf 82' lang='lat'><strong>²</strong></span> 
     </span>
     <span class='ocr_line' id='line_1_7' title="bbox 250 544 1505 594; baseline -0.005 -7"><span class='ocrx_word' id='word_1_45' title='bbox 250 548 438 586; x_wconf 88' lang='lat' dir='ltr'>beneficii</span> <span class='ocrx_word' id='word_1_46' title='bbox 453 548 645 586; x_wconf 87' lang='lat' dir='ltr'>daturum</span> <span class='ocrx_word' id='word_1_47' title='bbox 657 559 744 584; x_wconf 89' lang='lat' dir='ltr'>esse</span> <span class='ocrx_word' id='word_1_48' title='bbox 759 545 1034 594; x_wconf 88' lang='lat' dir='ltr'>responderet.</span> <span class='ocrx_word' id='word_1_49' title='bbox 1055 544 1201 582; x_wconf 85' lang='lat' dir='ltr'>adiecit</span> <span class='ocrx_word' id='word_1_50' title='bbox 1214 544 1284 581; x_wconf 88' lang='lat' dir='ltr'>ille</span> <span class='ocrx_word' id='word_1_51' title='bbox 1301 559 1308 582; x_wconf 91' lang='lat'><strong>:</strong></span> <span class='ocrx_word' id='word_1_52' title='bbox 1335 544 1343 562; x_wconf 80' lang='lat'>‘</span> <span class='ocrx_word' id='word_1_53' title='bbox 1362 544 1479 592; x_wconf 81' lang='lat' dir='ltr'>Quod</span> <span class='ocrx_word' id='word_1_54' title='bbox 1493 544 1505 563; x_wconf 74' lang='lat'>3</span> 
     </span>
     <span class='ocr_line' id='line_1_8' title="bbox 251 609 1505 661; baseline -0.004 -10"><span class='ocrx_word' id='word_1_55' title='bbox 251 614 285 651; x_wconf 83' lang='lat' dir='ltr'>si</span> <span class='ocrx_word' id='word_1_56' title='bbox 324 613 449 651; x_wconf 85' lang='lat' dir='ltr'>etiam</span> <span class='ocrx_word' id='word_1_57' title='bbox 478 625 615 661; x_wconf 83' lang='lat' dir='ltr'>regem</span> <span class='ocrx_word' id='word_1_58' title='bbox 652 613 694 648; x_wconf 90' lang='lat' dir='ltr'>te</span> <span class='ocrx_word' id='word_1_59' title='bbox 731 610 945 648; x_wconf 59' lang='lat' dir='ltr'>futurum*</span> <span class='ocrx_word' id='word_1_60' title='bbox 985 609 1198 647; x_wconf 69' lang='lat' dir='ltr'>exstinctis</span> <span class='ocrx_word' id='word_1_61' title='bbox 1235 609 1425 647; x_wconf 79' lang='lat' dir='ltr'>hostibus</span> <span class='ocrx_word' id='word_1_62' title='bbox 1462 609 1505 646; x_wconf 90' lang='lat' dir='ltr'>in</span> 
     </span>
     <span class='ocr_line' id='line_1_9' title="bbox 251 675 1507 727; baseline -0.005 -10"><span class='ocrx_word' id='word_1_63' title='bbox 251 679 423 716; x_wconf 87' lang='lat' dir='ltr'>ueritate</span> <span class='ocrx_word' id='word_1_64' title='bbox 448 677 672 727; x_wconf 72' lang='lat' dir='ltr'>promittat,</span> <span class='ocrx_word' id='word_1_65' title='bbox 697 676 754 713; x_wconf 87' lang='lat' dir='ltr'>ita</span> <span class='ocrx_word' id='word_1_66' title='bbox 782 677 829 713; x_wconf 88' lang='lat' dir='ltr'>ut</span> <span class='ocrx_word' id='word_1_67' title='bbox 858 689 941 713; x_wconf 90' lang='lat' dir='ltr'>non</span> <span class='ocrx_word' id='word_1_68' title='bbox 971 675 1106 712; x_wconf 90' lang='lat' dir='ltr'>solum</span> <span class='ocrx_word' id='word_1_69' title='bbox 1135 688 1280 712; x_wconf 89' lang='lat' dir='ltr'>omnes</span> <span class='ocrx_word' id='word_1_70' title='bbox 1305 676 1397 712; x_wconf 89' lang='lat' dir='ltr'>tuos</span> <span class='ocrx_word' id='word_1_71' title='bbox 1420 688 1507 724; x_wconf 86' lang='lat' dir='ltr'>pro-</span> 
     </span>
     <span class='ocr_line' id='line_1_10' title="bbox 250 740 1507 793; baseline -0.004 -11"><span class='ocrx_word' id='word_1_72' title='bbox 250 744 464 793; x_wconf 74' lang='lat' dir='ltr'>genitores,</span> <span class='ocrx_word' id='word_1_73' title='bbox 502 742 572 780; x_wconf 88' lang='lat' dir='ltr'>sed</span> <span class='ocrx_word' id='word_1_74' title='bbox 606 743 646 779; x_wconf 87' lang='lat' dir='ltr'>et</span> <span class='ocrx_word' id='word_1_75' title='bbox 676 753 829 788; x_wconf 79' lang='lat' dir='ltr'>omnes,</span> <span class='ocrx_word' id='word_1_76' title='bbox 866 740 935 789; x_wconf 87' lang='lat' dir='ltr'>qui</span> <span class='ocrx_word' id='word_1_77' title='bbox 968 742 1063 777; x_wconf 89' lang='lat' dir='ltr'>ante</span> <span class='ocrx_word' id='word_1_78' title='bbox 1092 741 1133 777; x_wconf 88' lang='lat' dir='ltr'>te</span> <span class='ocrx_word' id='word_1_79' title='bbox 1166 753 1281 789; x_wconf 85' lang='lat' dir='ltr'>reges</span> <span class='ocrx_word' id='word_1_80' title='bbox 1311 740 1355 777; x_wconf 87' lang='lat' dir='ltr'>in</span> <span class='ocrx_word' id='word_1_81' title='bbox 1385 742 1507 789; x_wconf 81' lang='lat' dir='ltr'>gente</span> 
     </span>
     <span class='ocr_line' id='line_1_11' title="bbox 250 805 1504 858; baseline -0.004 -11"><span class='ocrx_word' id='word_1_82' title='bbox 250 809 486 858; x_wconf 87' lang='lat' dir='ltr'>Anglorum</span> <span class='ocrx_word' id='word_1_83' title='bbox 515 807 689 853; x_wconf 86' lang='lat' dir='ltr'>fuerant,</span> <span class='ocrx_word' id='word_1_84' title='bbox 714 807 916 855; x_wconf 79' lang='lat' dir='ltr'>potestate</span> <span class='ocrx_word' id='word_1_85' title='bbox 942 805 1240 843; x_wconf 75' lang='lat' dir='ltr'>transcendas?</span> <span class='ocrx_word' id='word_1_86' title='bbox 1255 806 1263 819; x_wconf 79' lang='lat'>⁹</span> <span class='ocrx_word' id='word_1_87' title='bbox 1318 806 1377 843; x_wconf 88' lang='lat' dir='ltr'>At</span> <span class='ocrx_word' id='word_1_88' title='bbox 1396 806 1504 843; x_wconf 90' lang='lat' dir='ltr'>Aed-</span> 
     </span>
     <span class='ocr_line' id='line_1_12' title="bbox 250 871 1505 921; baseline -0.003 -9"><span class='ocrx_word' id='word_1_89' title='bbox 250 874 365 912; x_wconf 89' lang='lat' dir='ltr'>uini⁵</span> <span class='ocrx_word' id='word_1_90' title='bbox 399 873 651 911; x_wconf 82' lang='lat' dir='ltr'>constantior</span> <span class='ocrx_word' id='word_1_91' title='bbox 680 871 971 921; x_wconf 83' lang='lat' dir='ltr'>interrogando</span> <span class='ocrx_word' id='word_1_92' title='bbox 1002 871 1145 914; x_wconf 82' lang='lat' dir='ltr'>factus,</span> <span class='ocrx_word' id='word_1_93' title='bbox 1180 884 1265 908; x_wconf 91' lang='lat' dir='ltr'>non</span> <span class='ocrx_word' id='word_1_94' title='bbox 1299 871 1505 909; x_wconf 88' lang='lat' dir='ltr'>dubitauit</span> 
     </span>
     <span class='ocr_line' id='line_1_13' title="bbox 249 936 1500 989; baseline -0.002 -12"><span class='ocrx_word' id='word_1_95' title='bbox 249 939 497 989; x_wconf 77' lang='lat' dir='ltr'>promittere,</span> <span class='ocrx_word' id='word_1_96' title='bbox 536 938 635 987; x_wconf 84' lang='lat' dir='ltr'>quin</span> <span class='ocrx_word' id='word_1_97' title='bbox 665 937 712 985; x_wconf 89' lang='lat' dir='ltr'>ei,</span> <span class='ocrx_word' id='word_1_98' title='bbox 749 939 818 986; x_wconf 87' lang='lat' dir='ltr'>qui</span> <span class='ocrx_word' id='word_1_99' title='bbox 848 938 962 974; x_wconf 84' lang='lat' dir='ltr'>tanta</span> <span class='ocrx_word' id='word_1_100' title='bbox 992 936 1070 973; x_wconf 87' lang='lat' dir='ltr'>sibi</span> <span class='ocrx_word' id='word_1_101' title='bbox 1098 936 1293 974; x_wconf 85' lang='lat' dir='ltr'>beneficia</span> <span class='ocrx_word' id='word_1_102' title='bbox 1322 936 1500 983; x_wconf 85' lang='lat' dir='ltr'>donaret,</span> 
     </span>
     <span class='ocr_line' id='line_1_14' title="bbox 249 1002 1503 1054; baseline -0.002 -11"><span class='ocrx_word' id='word_1_103' title='bbox 249 1005 386 1054; x_wconf 83' lang='lat' dir='ltr'>dignis</span> <span class='ocrx_word' id='word_1_104' title='bbox 423 1004 511 1053; x_wconf 89' lang='lat' dir='ltr'>ipse</span> <span class='ocrx_word' id='word_1_105' title='bbox 541 1003 765 1053; x_wconf 83' lang='lat' dir='ltr'>gratiarum</span> <span class='ocrx_word' id='word_1_106' title='bbox 795 1002 1026 1040; x_wconf 78' lang='lat' dir='ltr'>actionibus</span> <span class='ocrx_word' id='word_1_107' title='bbox 1064 1002 1335 1050; x_wconf 84' lang='lat' dir='ltr'>responderet.</span> <span class='ocrx_word' id='word_1_108' title='bbox 1397 1002 1503 1040; x_wconf 87' lang='lat' dir='ltr'>Tum</span> 
     </span>
     <span class='ocr_line' id='line_1_15' title="bbox 248 1067 1504 1116; baseline -0.002 -8"><span class='ocrx_word' id='word_1_109' title='bbox 248 1071 321 1108; x_wconf 89' lang='lat' dir='ltr'>ille</span> <span class='ocrx_word' id='word_1_110' title='bbox 358 1070 505 1108; x_wconf 86' lang='lat' dir='ltr'>tertio:</span> <span class='ocrx_word' id='word_1_111' title='bbox 558 1069 623 1107; x_wconf 77' lang='lat' dir='ltr'>‘Si</span> <span class='ocrx_word' id='word_1_112' title='bbox 659 1068 826 1115; x_wconf 84' lang='lat' dir='ltr'>autem,’</span> <span class='ocrx_word' id='word_1_113' title='bbox 865 1067 1012 1116; x_wconf 87' lang='lat' dir='ltr'>inquit,</span> <span class='ocrx_word' id='word_1_114' title='bbox 1061 1067 1127 1113; x_wconf 78' lang='lat' dir='ltr'>‘is‚</span> <span class='ocrx_word' id='word_1_115' title='bbox 1167 1067 1237 1116; x_wconf 84' lang='lat' dir='ltr'>qui</span> <span class='ocrx_word' id='word_1_116' title='bbox 1275 1067 1353 1104; x_wconf 89' lang='lat' dir='ltr'>tibi</span> <span class='ocrx_word' id='word_1_117' title='bbox 1390 1069 1504 1106; x_wconf 80' lang='lat' dir='ltr'>tanta</span> 
     </span>
     <span class='ocr_line' id='line_1_16' title="bbox 249 1132 1503 1185; baseline -0.003 -11"><span class='ocrx_word' id='word_1_118' title='bbox 249 1136 427 1185; x_wconf 86' lang='lat' dir='ltr'>taliaque</span> <span class='ocrx_word' id='word_1_119' title='bbox 459 1136 566 1174; x_wconf 91' lang='lat' dir='ltr'>dona</span> <span class='ocrx_word' id='word_1_120' title='bbox 598 1134 797 1172; x_wconf 83' lang='lat' dir='ltr'>ueraciter</span> <span class='ocrx_word' id='word_1_121' title='bbox 830 1133 1057 1170; x_wconf 86' lang='lat' dir='ltr'>aduentura</span> <span class='ocrx_word' id='word_1_122' title='bbox 1084 1132 1341 1181; x_wconf 78' lang='lat' dir='ltr'>praedixerit,</span> <span class='ocrx_word' id='word_1_123' title='bbox 1381 1133 1503 1170; x_wconf 87' lang='lat' dir='ltr'>etiam</span> 
     </span>
     <span class='ocr_line' id='line_1_17' title="bbox 250 1198 1498 1247; baseline -0.003 -8"><span class='ocrx_word' id='word_1_124' title='bbox 250 1202 470 1239; x_wconf 88' lang='lat' dir='ltr'>consilium</span> <span class='ocrx_word' id='word_1_125' title='bbox 489 1201 566 1238; x_wconf 88' lang='lat' dir='ltr'>tibi</span> <span class='ocrx_word' id='word_1_126' title='bbox 578 1202 672 1238; x_wconf 89' lang='lat' dir='ltr'>tuae</span> <span class='ocrx_word' id='word_1_127' title='bbox 693 1199 836 1237; x_wconf 85' lang='lat' dir='ltr'>salutis</span> <span class='ocrx_word' id='word_1_128' title='bbox 857 1212 901 1236; x_wconf 89' lang='lat' dir='ltr'>ac</span> <span class='ocrx_word' id='word_1_129' title='bbox 917 1199 1026 1236; x_wconf 85' lang='lat' dir='ltr'>uitae</span> <span class='ocrx_word' id='word_1_130' title='bbox 1042 1198 1192 1235; x_wconf 88' lang='lat' dir='ltr'>melius</span> <span class='ocrx_word' id='word_1_131' title='bbox 1207 1199 1329 1247; x_wconf 87' lang='lat' dir='ltr'>atque</span> <span class='ocrx_word' id='word_1_132' title='bbox 1345 1198 1498 1240; x_wconf 78' lang='lat' dir='ltr'>utilius,</span> 
     </span>
     <span class='ocr_line' id='line_1_18' title="bbox 251 1263 1502 1316; baseline -0.002 -12"><span class='ocrx_word' id='word_1_133' title='bbox 251 1280 373 1316; x_wconf 88' lang='lat' dir='ltr'>quam</span> <span class='ocrx_word' id='word_1_134' title='bbox 392 1266 541 1316; x_wconf 86' lang='lat' dir='ltr'>aliquis</span> <span class='ocrx_word' id='word_1_135' title='bbox 561 1266 610 1303; x_wconf 92' lang='lat' dir='ltr'>de</span> <span class='ocrx_word' id='word_1_136' title='bbox 630 1264 714 1303; x_wconf 90' lang='lat' dir='ltr'>tuis</span> <span class='ocrx_word' id='word_1_137' title='bbox 736 1264 977 1314; x_wconf 86' lang='lat' dir='ltr'>parentibus</span> <span class='ocrx_word' id='word_1_138' title='bbox 1000 1266 1069 1301; x_wconf 87' lang='lat' dir='ltr'>aut</span> <span class='ocrx_word' id='word_1_139' title='bbox 1097 1263 1279 1312; x_wconf 83' lang='lat' dir='ltr'>cognatis</span> <span class='ocrx_word' id='word_1_140' title='bbox 1305 1277 1502 1313; x_wconf 80' lang='lat' dir='ltr'>umquam</span> 
     </span>
     <span class='ocr_line' id='line_1_19' title="bbox 250 1329 1503 1380; baseline -0.002 -10"><span class='ocrx_word' id='word_1_141' title='bbox 250 1332 420 1380; x_wconf 88' lang='lat' dir='ltr'>audiuit,</span> <span class='ocrx_word' id='word_1_142' title='bbox 456 1331 668 1369; x_wconf 82' lang='lat' dir='ltr'>ostendere</span> <span class='ocrx_word' id='word_1_143' title='bbox 706 1329 896 1379; x_wconf 86' lang='lat' dir='ltr'>potuerit,</span> <span class='ocrx_word' id='word_1_144' title='bbox 932 1343 1035 1366; x_wconf 91' lang='lat' dir='ltr'>num</span> <span class='ocrx_word' id='word_1_145' title='bbox 1070 1329 1107 1366; x_wconf 87' lang='lat' dir='ltr'>ei</span> <span class='ocrx_word' id='word_1_146' title='bbox 1138 1329 1429 1378; x_wconf 84' lang='lat' dir='ltr'>obtemperare,</span> <span class='ocrx_word' id='word_1_147' title='bbox 1464 1332 1503 1368; x_wconf 84' lang='lat' dir='ltr'>et</span> 
     </span>
     <span class='ocr_line' id='line_1_20' title="bbox 249 1394 1505 1443; baseline -0.002 -8"><span class='ocrx_word' id='word_1_148' title='bbox 249 1398 407 1435; x_wconf 87' lang='lat' dir='ltr'>monita</span> <span class='ocrx_word' id='word_1_149' title='bbox 433 1397 521 1435; x_wconf 90' lang='lat' dir='ltr'>eius</span> <span class='ocrx_word' id='word_1_150' title='bbox 543 1395 737 1434; x_wconf 86' lang='lat' dir='ltr'>salutaria</span> <span class='ocrx_word' id='word_1_151' title='bbox 764 1395 969 1443; x_wconf 86' lang='lat' dir='ltr'>suscipere</span> <span class='ocrx_word' id='word_1_152' title='bbox 997 1394 1203 1432; x_wconf 89' lang='lat' dir='ltr'>consentis</span> <span class='ocrx_word' id='word_1_153' title='bbox 1219 1395 1263 1432; x_wconf 79' lang='lat'>‘?&#39;</span> <span class='ocrx_word' id='word_1_154' title='bbox 1319 1394 1403 1432; x_wconf 90' lang='lat' dir='ltr'>Nec</span> <span class='ocrx_word' id='word_1_155' title='bbox 1429 1395 1505 1432; x_wconf 88' lang='lat' dir='ltr'>dis-</span> 
     </span>
     <span class='ocr_line' id='line_1_21' title="bbox 248 1459 1504 1510; baseline -0.002 -9"><span class='ocrx_word' id='word_1_156' title='bbox 248 1462 345 1501; x_wconf 87' lang='lat' dir='ltr'>tulit</span> <span class='ocrx_word' id='word_1_157' title='bbox 372 1462 578 1509; x_wconf 56' lang='lat' dir='ltr'>AEduiniss,</span> <span class='ocrx_word' id='word_1_158' title='bbox 604 1462 703 1510; x_wconf 86' lang='lat' dir='ltr'>quin</span> <span class='ocrx_word' id='word_1_159' title='bbox 732 1460 928 1499; x_wconf 90' lang='lat' dir='ltr'>continuo</span> <span class='ocrx_word' id='word_1_160' title='bbox 954 1460 1215 1509; x_wconf 86' lang='lat' dir='ltr'>polliceretur</span> <span class='ocrx_word' id='word_1_161' title='bbox 1241 1459 1285 1496; x_wconf 90' lang='lat' dir='ltr'>in</span> <span class='ocrx_word' id='word_1_162' title='bbox 1311 1460 1504 1498; x_wconf 88' lang='lat' dir='ltr'>omnibus</span> 
     </span>
     <span class='ocr_line' id='line_1_22' title="bbox 249 1525 1504 1575; baseline -0.002 -9"><span class='ocrx_word' id='word_1_163' title='bbox 249 1541 292 1566; x_wconf 87' lang='lat' dir='ltr'>se</span> <span class='ocrx_word' id='word_1_164' title='bbox 323 1531 559 1566; x_wconf 87' lang='lat' dir='ltr'>secuturum</span> <span class='ocrx_word' id='word_1_165' title='bbox 592 1527 820 1565; x_wconf 81' lang='lat' dir='ltr'>doctrinam</span> <span class='ocrx_word' id='word_1_166' title='bbox 858 1526 982 1573; x_wconf 89' lang='lat' dir='ltr'>illius,</span> <span class='ocrx_word' id='word_1_167' title='bbox 1019 1526 1090 1575; x_wconf 86' lang='lat' dir='ltr'>qui</span> <span class='ocrx_word' id='word_1_168' title='bbox 1120 1539 1162 1564; x_wconf 88' lang='lat' dir='ltr'>se</span> <span class='ocrx_word' id='word_1_169' title='bbox 1195 1527 1256 1563; x_wconf 92' lang='lat' dir='ltr'>tot</span> <span class='ocrx_word' id='word_1_170' title='bbox 1294 1539 1338 1563; x_wconf 91' lang='lat' dir='ltr'>ac</span> <span class='ocrx_word' id='word_1_171' title='bbox 1376 1525 1504 1563; x_wconf 87' lang='lat' dir='ltr'>tantis</span> 
     </span>
     <span class='ocr_line' id='line_1_23' title="bbox 249 1591 1499 1641; baseline -0.002 -10"><span class='ocrx_word' id='word_1_172' title='bbox 249 1593 548 1631; x_wconf 77' lang='lat' dir='ltr'>calamitatibus</span> <span class='ocrx_word' id='word_1_173' title='bbox 582 1594 779 1641; x_wconf 85' lang='lat' dir='ltr'>ereptum,</span> <span class='ocrx_word' id='word_1_174' title='bbox 818 1592 868 1629; x_wconf 85' lang='lat' dir='ltr'>ad</span> <span class='ocrx_word' id='word_1_175' title='bbox 903 1592 1019 1641; x_wconf 82' lang='lat' dir='ltr'>regni</span> <span class='ocrx_word' id='word_1_176' title='bbox 1057 1592 1211 1641; x_wconf 79' lang='lat' dir='ltr'>apicem</span> <span class='ocrx_word' id='word_1_177' title='bbox 1248 1591 1499 1640; x_wconf 89' lang='lat' dir='ltr'>proueheret.</span> 
     </span>
     <span class='ocr_line' id='line_1_24' title="bbox 250 1656 1505 1707; baseline -0.002 -10"><span class='ocrx_word' id='word_1_178' title='bbox 250 1658 338 1706; x_wconf 80' lang='lat' dir='ltr'>Quo</span> <span class='ocrx_word' id='word_1_179' title='bbox 376 1660 538 1707; x_wconf 88' lang='lat' dir='ltr'>accepto</span> <span class='ocrx_word' id='word_1_180' title='bbox 571 1671 775 1707; x_wconf 88' lang='lat' dir='ltr'>responso,</span> <span class='ocrx_word' id='word_1_181' title='bbox 815 1657 1030 1695; x_wconf 85' lang='lat' dir='ltr'>confestim</span> <span class='ocrx_word' id='word_1_182' title='bbox 1069 1657 1114 1705; x_wconf 89' lang='lat' dir='ltr'>is,</span> <span class='ocrx_word' id='word_1_183' title='bbox 1153 1656 1223 1706; x_wconf 85' lang='grc'><strong>(1111</strong></span> <span class='ocrx_word' id='word_1_184' title='bbox 1262 1657 1505 1705; x_wconf 87' lang='lat' dir='ltr'>loquebatur</span> 
     </span>
     <span class='ocr_line' id='line_1_25' title="bbox 249 1722 1504 1773; baseline -0.002 -11"><span class='ocrx_word' id='word_1_185' title='bbox 249 1738 343 1763; x_wconf 92' lang='lat' dir='ltr'>cum</span> <span class='ocrx_word' id='word_1_186' title='bbox 372 1738 429 1772; x_wconf 85' lang='lat' dir='ltr'>eo,</span> <span class='ocrx_word' id='word_1_187' title='bbox 465 1723 647 1773; x_wconf 88' lang='lat' dir='ltr'>inposuit</span> <span class='ocrx_word' id='word_1_188' title='bbox 679 1724 889 1761; x_wconf 79' lang='lat' dir='ltr'>dexteram</span> <span class='ocrx_word' id='word_1_189' title='bbox 922 1736 1039 1761; x_wconf 87' lang='lat' dir='ltr'>suam</span> <span class='ocrx_word' id='word_1_190' title='bbox 1069 1723 1191 1772; x_wconf 83' lang='lat' dir='ltr'>capiti</span> <span class='ocrx_word' id='word_1_191' title='bbox 1220 1722 1307 1760; x_wconf 81' lang='lat' dir='ltr'>eius</span> <span class='ocrx_word' id='word_1_192' title='bbox 1340 1722 1504 1760; x_wconf 86' lang='lat' dir='ltr'>dicens:</span> 
     </span>
     <span class='ocr_line' id='line_1_26' title="bbox 253 1788 1504 1839; baseline -0.002 -11"><span class='ocrx_word' id='word_1_193' title='bbox 253 1790 380 1829; x_wconf 87' lang='lat' dir='ltr'>‘Cum</span> <span class='ocrx_word' id='word_1_194' title='bbox 400 1791 475 1828; x_wconf 91' lang='lat' dir='ltr'>hoc</span> <span class='ocrx_word' id='word_1_195' title='bbox 497 1803 592 1839; x_wconf 83' lang='lat' dir='ltr'>ergo</span> <span class='ocrx_word' id='word_1_196' title='bbox 610 1789 687 1827; x_wconf 91' lang='lat' dir='ltr'>tibi</span> <span class='ocrx_word' id='word_1_197' title='bbox 707 1789 873 1838; x_wconf 84' lang='lat' dir='ltr'>signum</span> <span class='ocrx_word' id='word_1_198' title='bbox 898 1789 1122 1828; x_wconf 88' lang='lat' dir='ltr'>aduenerit.</span> <span class='ocrx_word' id='word_1_199' title='bbox 1148 1790 1360 1826; x_wconf 86' lang='lat' dir='ltr'>memento</span> <span class='ocrx_word' id='word_1_200' title='bbox 1381 1788 1504 1826; x_wconf 85' lang='lat' dir='ltr'>huius</span> 
     </span>
     <span class='ocr_line' id='line_1_27' title="bbox 248 1854 1505 1904; baseline -0.001 -11"><span class='ocrx_word' id='word_1_201' title='bbox 248 1856 446 1904; x_wconf 88' lang='lat' dir='ltr'>temporis</span> <span class='ocrx_word' id='word_1_202' title='bbox 481 1868 525 1892; x_wconf 85' lang='lat' dir='ltr'>ac</span> <span class='ocrx_word' id='word_1_203' title='bbox 558 1854 760 1904; x_wconf 85' lang='lat' dir='ltr'>loquellae</span> <span class='ocrx_word' id='word_1_204' title='bbox 792 1857 968 1894; x_wconf 84' lang='lat' dir='ltr'>nostrae.</span> <span class='ocrx_word' id='word_1_205' title='bbox 993 1856 1033 1892; x_wconf 87' lang='lat' dir='ltr'>et</span> <span class='ocrx_word' id='word_1_206' title='bbox 1063 1867 1118 1901; x_wconf 86' lang='lat' dir='ltr'>ea,</span> <span class='ocrx_word' id='word_1_207' title='bbox 1150 1867 1252 1903; x_wconf 85' lang='lat' dir='ltr'>quae</span> <span class='ocrx_word' id='word_1_208' title='bbox 1280 1867 1390 1891; x_wconf 89' lang='lat' dir='ltr'>nunc</span> <span class='ocrx_word' id='word_1_209' title='bbox 1420 1867 1505 1902; x_wconf 87' lang='lat' dir='ltr'>pro-</span> 
     </span>
     <span class='ocr_line' id='line_1_28' title="bbox 248 1919 1499 1969; baseline -0.001 -10"><span class='ocrx_word' id='word_1_210' title='bbox 248 1921 391 1969; x_wconf 87' lang='lat' dir='ltr'>mittis,</span> <span class='ocrx_word' id='word_1_211' title='bbox 416 1920 638 1969; x_wconf 89' lang='lat' dir='ltr'>adimplere</span> <span class='ocrx_word' id='word_1_212' title='bbox 658 1934 709 1958; x_wconf 91' lang='lat' dir='ltr'>ne</span> <span class='ocrx_word' id='word_1_213' title='bbox 731 1920 918 1958; x_wconf 87' lang='lat' dir='ltr'>differas.&#39;</span> <span class='ocrx_word' id='word_1_214' title='bbox 976 1921 1029 1958; x_wconf 90' lang='lat' dir='ltr'>Et</span> <span class='ocrx_word' id='word_1_215' title='bbox 1050 1920 1116 1957; x_wconf 88' lang='lat' dir='ltr'>his</span> <span class='ocrx_word' id='word_1_216' title='bbox 1136 1920 1267 1965; x_wconf 88' lang='lat' dir='ltr'>dictis,</span> <span class='ocrx_word' id='word_1_217' title='bbox 1288 1921 1334 1957; x_wconf 88' lang='lat' dir='ltr'>ut</span> <span class='ocrx_word' id='word_1_218' title='bbox 1350 1919 1499 1959; x_wconf 81' lang='lat' dir='ltr'>ferunt.</span> 
     </span>
     <span class='ocr_line' id='line_1_29' title="bbox 246 1985 1499 2037; baseline -0.002 -12"><span class='ocrx_word' id='word_1_219' title='bbox 246 1989 414 2037; x_wconf 88' lang='lat' dir='ltr'>repente</span> <span class='ocrx_word' id='word_1_220' title='bbox 444 1986 650 2035; x_wconf 83' lang='lat' dir='ltr'>disparuit,</span> <span class='ocrx_word' id='word_1_221' title='bbox 684 1988 730 2024; x_wconf 91' lang='lat' dir='ltr'>ut</span> <span class='ocrx_word' id='word_1_222' title='bbox 760 1985 1017 2035; x_wconf 86' lang='lat' dir='ltr'>intellegeret</span> <span class='ocrx_word' id='word_1_223' title='bbox 1047 1999 1131 2023; x_wconf 90' lang='lat' dir='ltr'>non</span> <span class='ocrx_word' id='word_1_224' title='bbox 1157 1985 1371 2023; x_wconf 87' lang='lat' dir='ltr'>hominem</span> <span class='ocrx_word' id='word_1_225' title='bbox 1401 1999 1499 2033; x_wconf 88' lang='lat' dir='ltr'>esse,</span> 
     </span>
     <span class='ocr_line' id='line_1_30' title="bbox 247 2051 1016 2102; baseline -0.003 -12"><span class='ocrx_word' id='word_1_226' title='bbox 247 2052 319 2102; x_wconf 87' lang='lat' dir='ltr'>qui</span> <span class='ocrx_word' id='word_1_227' title='bbox 337 2052 415 2090; x_wconf 89' lang='lat' dir='ltr'>sibi</span> <span class='ocrx_word' id='word_1_228' title='bbox 435 2051 696 2101; x_wconf 87' lang='lat' dir='ltr'>apparuisset,</span> <span class='ocrx_word' id='word_1_229' title='bbox 723 2052 792 2089; x_wconf 91' lang='lat' dir='ltr'>sed</span> <span class='ocrx_word' id='word_1_230' title='bbox 813 2051 1016 2100; x_wconf 87' lang='lat' dir='ltr'>spiritum.</span> 
     </span>
    </p>

    <p class='ocr_par' dir='ltr' id='par_1_4' title="bbox 247 2116 1505 2429">
     <span class='ocr_line' id='line_1_31' title="bbox 301 2116 1499 2166; baseline -0.002 -10"><span class='ocrx_word' id='word_1_231' title='bbox 301 2118 355 2156; x_wconf 89' lang='lat' dir='ltr'>Et</span> <span class='ocrx_word' id='word_1_232' title='bbox 378 2131 473 2155; x_wconf 92' lang='lat' dir='ltr'>cum</span> <span class='ocrx_word' id='word_1_233' title='bbox 499 2117 635 2166; x_wconf 79' lang='lat' dir='ltr'>regius</span> <span class='ocrx_word' id='word_1_234' title='bbox 659 2116 823 2154; x_wconf 88' lang='lat' dir='ltr'>iuuenis</span> <span class='ocrx_word' id='word_1_235' title='bbox 849 2117 959 2154; x_wconf 86' lang='lat' dir='ltr'>solus</span> <span class='ocrx_word' id='word_1_236' title='bbox 989 2117 1121 2155; x_wconf 89' lang='lat' dir='ltr'>adhuc</span> <span class='ocrx_word' id='word_1_237' title='bbox 1147 2116 1303 2155; x_wconf 86' lang='lat' dir='ltr'>ibidem</span> <span class='ocrx_word' id='word_1_238' title='bbox 1330 2118 1499 2163; x_wconf 86' lang='lat' dir='ltr'>sederet,</span> 
     </span>
     <span class='ocr_line' id='line_1_32' title="bbox 248 2182 1503 2233; baseline 0 -12"><span class='ocrx_word' id='word_1_239' title='bbox 248 2183 413 2233; x_wconf 86' lang='lat' dir='ltr'>gauisus</span> <span class='ocrx_word' id='word_1_240' title='bbox 432 2183 598 2232; x_wconf 85' lang='lat' dir='ltr'>quidem</span> <span class='ocrx_word' id='word_1_241' title='bbox 625 2183 675 2220; x_wconf 88' lang='lat' dir='ltr'>de</span> <span class='ocrx_word' id='word_1_242' title='bbox 705 2182 864 2220; x_wconf 87' lang='lat' dir='ltr'>conlata</span> <span class='ocrx_word' id='word_1_243' title='bbox 884 2182 963 2219; x_wconf 88' lang='lat' dir='ltr'>sibi</span> <span class='ocrx_word' id='word_1_244' title='bbox 991 2182 1276 2231; x_wconf 86' lang='lat' dir='ltr'>consolatione,</span> <span class='ocrx_word' id='word_1_245' title='bbox 1302 2184 1371 2222; x_wconf 89' lang='lat' dir='ltr'>sed</span> <span class='ocrx_word' id='word_1_246' title='bbox 1396 2184 1503 2221; x_wconf 89' lang='lat' dir='ltr'>mul-</span> 
     </span>
     <span class='ocr_line' id='line_1_33' title="bbox 247 2248 1504 2298; baseline 0 -11"><span class='ocrx_word' id='word_1_247' title='bbox 247 2252 337 2287; x_wconf 89' lang='lat' dir='ltr'>tum</span> <span class='ocrx_word' id='word_1_248' title='bbox 368 2248 576 2295; x_wconf 88' lang='lat' dir='ltr'>sollicitus,</span> <span class='ocrx_word' id='word_1_249' title='bbox 609 2261 653 2286; x_wconf 88' lang='lat' dir='ltr'>ac</span> <span class='ocrx_word' id='word_1_250' title='bbox 682 2250 821 2285; x_wconf 90' lang='lat' dir='ltr'>mente</span> <span class='ocrx_word' id='word_1_251' title='bbox 851 2248 992 2285; x_wconf 89' lang='lat' dir='ltr'>sedula</span> <span class='ocrx_word' id='word_1_252' title='bbox 1026 2248 1217 2297; x_wconf 76' lang='lat' dir='ltr'>cogitans,</span> <span class='ocrx_word' id='word_1_253' title='bbox 1252 2249 1369 2298; x_wconf 81' lang='lat' dir='ltr'>quis⁷</span> <span class='ocrx_word' id='word_1_254' title='bbox 1399 2251 1504 2287; x_wconf 89' lang='lat' dir='ltr'>esset</span> 
     </span>
     <span class='ocr_line' id='line_1_34' title="bbox 247 2313 1503 2364; baseline 0 -12"><span class='ocrx_word' id='word_1_255' title='bbox 247 2315 329 2363; x_wconf 90' lang='lat' dir='ltr'>ille,</span> <span class='ocrx_word' id='word_1_256' title='bbox 360 2315 428 2352; x_wconf 91' lang='lat' dir='ltr'>uel</span> <span class='ocrx_word' id='word_1_257' title='bbox 454 2315 564 2352; x_wconf 90' lang='lat' dir='ltr'>unde</span> <span class='ocrx_word' id='word_1_258' title='bbox 592 2314 763 2361; x_wconf 90' lang='lat' dir='ltr'>ueniret,</span> <span class='ocrx_word' id='word_1_259' title='bbox 795 2313 866 2363; x_wconf 85' lang='lat' dir='ltr'>qui</span> <span class='ocrx_word' id='word_1_260' title='bbox 894 2314 991 2351; x_wconf 86' lang='lat' dir='ltr'>haec</span> <span class='ocrx_word' id='word_1_261' title='bbox 1020 2314 1098 2351; x_wconf 89' lang='lat' dir='ltr'>sibi</span> <span class='ocrx_word' id='word_1_262' title='bbox 1121 2314 1363 2364; x_wconf 88' lang='lat' dir='ltr'>loqueretur,</span> <span class='ocrx_word' id='word_1_263' title='bbox 1387 2315 1503 2352; x_wconf 89' lang='lat' dir='ltr'>uenit</span> 
     </span>
     <span class='ocr_line' id='line_1_35' title="bbox 248 2379 1505 2429; baseline 0 -11"><span class='ocrx_word' id='word_1_264' title='bbox 248 2381 298 2418; x_wconf 86' lang='lat' dir='ltr'>ad</span> <span class='ocrx_word' id='word_1_265' title='bbox 318 2393 412 2418; x_wconf 90' lang='lat' dir='ltr'>eum</span> <span class='ocrx_word' id='word_1_266' title='bbox 432 2380 636 2429; x_wconf 85' lang='lat' dir='ltr'>praefatus</span> <span class='ocrx_word' id='word_1_267' title='bbox 656 2379 811 2417; x_wconf 87' lang='lat' dir='ltr'>amicus</span> <span class='ocrx_word' id='word_1_268' title='bbox 830 2379 954 2427; x_wconf 88' lang='lat' dir='ltr'>illius,</span> <span class='ocrx_word' id='word_1_269' title='bbox 975 2379 1162 2428; x_wconf 85' lang='lat' dir='ltr'>laetoque</span> <span class='ocrx_word' id='word_1_270' title='bbox 1178 2380 1299 2418; x_wconf 87' lang='lat' dir='ltr'>uultu</span> <span class='ocrx_word' id='word_1_271' title='bbox 1320 2381 1505 2418; x_wconf 86' lang='lat' dir='ltr'>salutans</span> 
     </span>
    </p>
   </div>
   <div class='ocr_carea' id='block_1_4' title="bbox 247 2497 1504 2637">
    <p class='ocr_par' dir='ltr' id='par_1_5' title="bbox 247 2497 1504 2637">
     <span class='ocr_line' id='line_1_36' title="bbox 292 2497 1504 2538; baseline 0.001 -10"><span class='ocrx_word' id='word_1_272' title='bbox 292 2497 303 2514; x_wconf 84' lang='lat'>¹</span> <span class='ocrx_word' id='word_1_273' title='bbox 327 2499 454 2528; x_wconf 87' lang='lat' dir='ltr'>mercis</span> <span class='ocrx_word' id='word_1_274' title='bbox 470 2498 505 2528; x_wconf 85' lang='lat' dir='ltr'>M</span> <span class='ocrx_word' id='word_1_275' title='bbox 522 2508 530 2536; x_wconf 89' lang='lat'>;</span> <span class='ocrx_word' id='word_1_276' title='bbox 546 2498 712 2528; x_wconf 80' lang='lat' dir='ltr'>mercidis</span> <span class='ocrx_word' id='word_1_277' title='bbox 730 2497 781 2529; x_wconf 82' lang='lat' dir='ltr'>B&#39;.</span> <span class='ocrx_word' id='word_1_278' title='bbox 931 2497 942 2514; x_wconf 80' lang='lat'><strong>²</strong></span> <span class='ocrx_word' id='word_1_279' title='bbox 964 2498 1116 2529; x_wconf 81' lang='lat' dir='ltr'>mercide</span> <span class='ocrx_word' id='word_1_280' title='bbox 1128 2498 1185 2529; x_wconf 82' lang='lat' dir='ltr'>M1.</span> <span class='ocrx_word' id='word_1_281' title='bbox 1319 2499 1330 2516; x_wconf 76' lang='grc'><strong>3</strong></span> <span class='ocrx_word' id='word_1_282' title='bbox 1353 2499 1439 2538; x_wconf 83' lang='lat' dir='ltr'>quid</span> <span class='ocrx_word' id='word_1_283' title='bbox 1451 2498 1504 2530; x_wconf 77' lang='lat' dir='ltr'>B2.</span> 
     </span>
     <span class='ocr_line' id='line_1_37' title="bbox 247 2548 1501 2589; baseline 0.002 -10"><span class='ocrx_word' id='word_1_284' title='bbox 247 2548 259 2566; x_wconf 78' lang='lat'><strong>⁴</strong></span> <span class='ocrx_word' id='word_1_285' title='bbox 284 2552 320 2580; x_wconf 85' lang='lat' dir='ltr'>te</span> <span class='ocrx_word' id='word_1_286' title='bbox 330 2550 491 2580; x_wconf 84' lang='lat' dir='ltr'>futurum</span> <span class='ocrx_word' id='word_1_287' title='bbox 503 2560 562 2580; x_wconf 82' lang='lat' dir='ltr'>om.</span> <span class='ocrx_word' id='word_1_288' title='bbox 576 2550 616 2580; x_wconf 88' lang='lat' dir='ltr'>B.</span> <span class='ocrx_word' id='word_1_289' title='bbox 699 2551 710 2568; x_wconf 85' lang='lat'><strong>⁵</strong></span> <span class='ocrx_word' id='word_1_290' title='bbox 734 2560 762 2580; x_wconf 67' lang='lat' dir='ltr'>v.</span> <span class='ocrx_word' id='word_1_291' title='bbox 780 2551 863 2580; x_wconf 84' lang='lat' dir='ltr'>note</span> <span class='ocrx_word' id='word_1_292' title='bbox 874 2550 898 2587; x_wconf 78' lang='lat'>⁵,</span> <span class='ocrx_word' id='word_1_293' title='bbox 914 2559 946 2589; x_wconf 91' lang='lat' dir='ltr'>p.</span> <span class='ocrx_word' id='word_1_294' title='bbox 968 2550 1039 2581; x_wconf 88' lang='lat'>108.</span> <span class='ocrx_word' id='word_1_295' title='bbox 1121 2549 1132 2567; x_wconf 76' lang='lat'><strong><em>⁶</em></strong></span> <span class='ocrx_word' id='word_1_296' title='bbox 1155 2550 1281 2580; x_wconf 87' lang='lat' dir='ltr'>eduini</span> <span class='ocrx_word' id='word_1_297' title='bbox 1298 2549 1341 2580; x_wconf 70' lang='grc' dir='ltr'>Βι</span> <span class='ocrx_word' id='word_1_298' title='bbox 1357 2561 1364 2588; x_wconf 92' lang='grc'>;</span> <span class='ocrx_word' id='word_1_299' title='bbox 1389 2561 1448 2581; x_wconf 88' lang='lat' dir='ltr'>-ne</span> <span class='ocrx_word' id='word_1_300' title='bbox 1465 2551 1501 2582; x_wconf 83' lang='lat' dir='ltr'>C.</span> 
     </span>
     <span class='ocr_line' id='line_1_38' title="bbox 247 2597 595 2637; baseline 0 -7"><span class='ocrx_word' id='word_1_301' title='bbox 247 2597 303 2630; x_wconf 81' lang='lat' dir='ltr'>B2.</span> <span class='ocrx_word' id='word_1_302' title='bbox 421 2597 434 2616; x_wconf 85' lang='lat'>⁷</span> <span class='ocrx_word' id='word_1_303' title='bbox 458 2600 518 2637; x_wconf 88' lang='lat' dir='ltr'>qui</span> <span class='ocrx_word' id='word_1_304' title='bbox 535 2598 595 2630; x_wconf 86' lang='lat' dir='ltr'>M¹.</span> 
     </span>
    </p>
   </div>
   <div class='ocr_carea' id='block_1_5' title="bbox 1529 550 1702 703">
    <p class='ocr_par' dir='ltr' id='par_1_6' title="bbox 1529 550 1702 703">
     <span class='ocr_line' id='line_1_39' title="bbox 1531 550 1700 584; baseline 0.006 -7"><span class='ocrx_word' id='word_1_305' title='bbox 1531 550 1700 584; x_wconf 63' lang='lat' dir='ltr'>Prophery</span> 
     </span>
     <span class='ocr_line' id='line_1_40' title="bbox 1530 589 1630 617; baseline -0.01 0"><span class='ocrx_word' id='word_1_306' title='bbox 1530 589 1566 617; x_wconf 86' lang='lat' dir='ltr'>of</span> <span class='ocrx_word' id='word_1_307' title='bbox 1577 590 1630 617; x_wconf 87' lang='lat' dir='ltr'>his</span> 
     </span>
     <span class='ocr_line' id='line_1_41' title="bbox 1529 628 1639 657; baseline 0.009 -2"><span class='ocrx_word' id='word_1_308' title='bbox 1529 628 1639 657; x_wconf 78' lang='lat' dir='ltr'>future</span> 
     </span>
     <span class='ocr_line' id='line_1_42' title="bbox 1530 671 1702 703; baseline -0.006 -7"><span class='ocrx_word' id='word_1_309' title='bbox 1530 671 1702 703; x_wconf 39' lang='lat' dir='ltr'>greatnoss,</span> 
     </span>
    </p>
   </div>
  </div>
 </body>
</html>
