1803 2887
84 1085 125 1112 ib.

84 1323 106 1350 f.
122 1331 154 1356 ²⁴
166 1331 194 1351 a.

83 1677 125 1705 ib.
146 1678 162 1715 ξ
180 1687 204 1714 7.

683 152 861 191 ctuctore
892 147 1146 202 Anonymo.
1457 148 1540 188 391

282 263 392 299 solito
409 262 551 308 priscae
570 261 865 297 conuersationis
876 260 1071 296 festinauit
1084 272 1121 296 se
1137 259 1303 295 subicere
1320 258 1519 294 famulatui
1533 271 1541 299 3

282 322 345 358 sed
364 323 545 365 sequente
565 319 782 361 Benedicto,
804 330 846 353 ac
865 318 1030 354 reditum
1049 318 1127 353 eius
1145 318 1373 362 postulante,
1389 318 1541 352 tandem

281 380 403 415 uictus
429 378 597 414 caritatis
622 378 807 423 precibus,
839 377 950 420 redit,
981 379 1019 412 et
1054 389 1148 421 quae
1177 379 1351 421 coeperat
1378 388 1463 410 cum
1500 387 1542 412 eo

280 437 500 474 monasterii
526 436 780 472 constituendi
806 440 921 480 atque
946 435 1147 471 ordinandi
1172 435 1278 470 iura¹
1305 435 1452 470 sedulus
1479 446 1541 469 ex-

280 496 457 541 sequitur.

329 565 350 599 9
362 553 384 589 ².
411 554 526 588 Facta
544 556 672 588 autem
691 552 870 588 citissime
889 551 1046 586 basilica
1063 551 1185 596 operis
1204 551 1345 594 eximii,
1367 553 1481 595 atque
1502 550 1542 584 in

280 613 462 647 honorem
478 611 582 647 beati
597 611 700 646 Petri
718 610 880 656 apostoli
895 610 1077 651 dedicata,
1091 609 1416 645 reuerentissimus
1430 609 1543 643 abbas

281 670 507 707 Benedictus
531 670 687 704 Romam
707 669 759 704 ire
779 668 971 713 disposuit,
993 671 1036 703 ut
1061 668 1241 703 librorum
1264 667 1411 712 copiam
1437 679 1542 701 sanc-

279 732 415 771 torum,
428 728 671 772 reliquiarum
685 727 697 746 3
714 728 912 763 beatorum
928 729 1134 772 martyrum
1148 726 1368 762 memoriam
1380 726 1542 766 dulcem,

279 788 520 823 historiarum
529 786 793 821 canonicarum
804 785 994 831 picturam
1006 785 1141 820 merito
1150 785 1417 827 uenerandam,
1426 784 1488 819 sed
1503 787 1542 819 et

279 847 365 890 alia,
385 857 479 890 quae
499 847 704 885 consuerat,
724 844 919 889 peregrini
938 843 1038 878 orbis
1053 844 1162 887 dona,
1182 843 1343 888 patriam
1362 843 1541 884 referret;

279 905 441 940 maxime
467 903 676 949 magistros,
703 903 766 947 qui
792 902 899 937 iuxta
933 902 1047 937 ritum
1073 902 1264 937 Romanae
1290 900 1543 936 institutionis

280 962 450 998 ordinem
495 961 674 996 cantandi
719 963 758 996 et
803 959 1044 994 ministrandi
1082 960 1123 993 in
1166 971 1220 1001 ea,
1267 971 1380 1003 quam
1424 970 1544 1003 nuper

280 1020 504 1055 fundauerat
521 1019 713 1060 aecclesia,
732 1019 920 1054 docerent.

331 1089 383 1114 10.
411 1078 618 1113 Comitatus
637 1081 692 1113 est
704 1078 716 1095 ⁴
736 1075 967 1113 Ceolfri³5us⁵
985 1078 1150 1119 euntem,
1166 1075 1321 1120 cupiens
1336 1075 1392 1109 sui
1403 1075 1542 1120 gradus

279 1135 441 1170 officium
453 1136 600 1181 plenius
613 1136 760 1177 Romae,
775 1146 887 1179 quam
900 1134 940 1168 in
952 1134 1170 1168 Brittannia
1183 1136 1342 1178 poterat,
1354 1133 1518 1168 ediscere
1533 1145 1541 1176 ;

278 1194 433 1230 relictus
457 1206 548 1229 uero
578 1197 634 1230 est
664 1194 710 1229 ad
736 1193 939 1229 tuitionem
965 1192 1198 1235 monasterii,
1221 1193 1338 1228 donec
1364 1192 1543 1236 redirent,

279 1252 511 1298 Easterwyni
526 1252 538 1271 ‘³
579 1252 768 1297 presbiter
816 1255 854 1287 et
905 1253 1089 1297 cognatus
1138 1251 1287 1285 abbatis
1334 1250 1543 1286 Benedicti.

278 1312 514 1356 Cooperante
540 1315 668 1347 autem
694 1311 868 1354 Domino,
895 1311 1129 1356 propositum
1155 1310 1326 1354 sequitur
1348 1315 1352 1354 ᾗ
1375 1310 1543 1350 effectus,

278 1372 316 1406 et
341 1370 395 1405 ibi
420 1371 542 1405 multa
567 1371 717 1406 discunt
745 1371 948 1407 aecclesiae
975 1372 1132 1412 statuta,
1161 1372 1199 1405 et
1224 1370 1335 1404 beate
1363 1369 1541 1404 memorie

277 1429 485 1464 Iohannem
511 1429 809 1464 archicantorem
836 1429 1026 1464 Romanae
1053 1427 1271 1471 aecclesiae,
1289 1427 1542 1471 abbatemque

277 1487 497 1523 monasterii
522 1487 626 1523 beati
652 1487 830 1532 Martyni,
857 1499 984 1523 secum
1011 1486 1269 1521 Brittanniam
1295 1486 1450 1529 ducunt,
1477 1486 1543 1530 qui

278 1557 345 1580 nos
359 1546 597 1581 abundanter
615 1546 784 1582 ordinem
809 1545 987 1581 cantandi
1008 1557 1075 1590 per
1091 1544 1263 1580 ordinem
1283 1547 1321 1580 et
1342 1544 1432 1579 uiua
1450 1556 1541 1580 uoce

278 1603 390 1638 simul
408 1606 447 1640 et
464 1604 602 1640 litteris
615 1605 776 1640 edocuit.

329 1673 380 1698 11.
407 1663 495 1698 Post
513 1665 598 1698 octo
617 1668 746 1699 autem
769 1675 886 1698 annos
903 1675 1016 1707 quam
1039 1662 1254 1707 praefatum
1272 1661 1543 1697 monasterium

279 1723 444 1756 statuere
468 1725 684 1766 caeperant,
702 1721 849 1767 placuit
872 1721 1050 1767 Ecgfrido
1074 1721 1165 1766 regi,
1189 1732 1257 1765 pro
1282 1720 1541 1765 redemptione

278 1779 428 1814 animae
455 1791 554 1823 suae,
583 1780 698 1815 etiam
723 1780 838 1815 aliam
865 1780 926 1813 XL
947 1779 1179 1814 familiarum
1204 1783 1343 1814 terram
1369 1790 1543 1814 reueren-

277 1837 420 1872 tissimo
470 1838 600 1873 abbati
641 1838 847 1874 Benedicto
890 1839 1039 1880 donare,
1082 1838 1122 1872 in
1165 1849 1239 1882 qua
1280 1837 1464 1873 aecclesia
1505 1839 1544 1873 et

278 1896 548 1931 monasterium
584 1897 696 1932 beato
736 1897 852 1931 Paulo
886 1897 1015 1941 fieret3
1056 1908 1133 1931 non
1169 1896 1323 1940 quidem
1357 1907 1379 1930 a
1412 1895 1545 1941 prioris

278 1952 497 1987 monasterii
531 1952 712 1988 societate
749 1952 972 1994 seiunctum,
1016 1952 1080 1987 sed
1123 1951 1247 1987 eidem
1290 1951 1330 1985 in
1371 1951 1544 1986 omnibus

278 2011 458 2045 unanima
482 2010 720 2046 fraternitate
747 2023 941 2047 conexum.
1000 2010 1106 2053 Quod
1129 2022 1222 2055 opus
1240 2010 1311 2045 sibi
1329 2010 1543 2044 iniunctum

279 2068 487 2104 Ceolfridus
511 2070 814 2104 strenuosissime
833 2069 1018 2114 perfecit;
1046 2081 1210 2113 namque
1230 2068 1398 2113 acceptis
1416 2080 1544 2104 secum

279 2127 384 2161 XXlI
408 2127 600 2170 fratribus,
620 2128 750 2163 decem
771 2128 926 2172 quidem
952 2128 1122 2169 attonsis,
1150 2128 1222 2161 XII
1249 2139 1341 2163 uero
1363 2130 1543 2163 tonsurae

278 2186 400 2221 adhuc
417 2187 581 2231 gratiam
597 2187 894 2232 expectantibus,
910 2186 1017 2222 uenit
1029 2187 1077 2221 ad
1091 2187 1224 2228 locum,
1239 2186 1360 2231 primo
1375 2186 1517 2221 ibidem
1530 2187 1541 2206 7

278 2245 503 2280 constructis
544 2245 727 2287 omnibus,
765 2257 837 2289 que
878 2245 1043 2281 maxime
1084 2245 1285 2280 necessitas
1321 2244 1543 2279 monasterii

280 2303 467 2348 poscebat,
507 2303 689 2348 domibus,
727 2303 944 2348 ipsamque&
979 2303 1162 2349 regularis
1200 2303 1393 2338 custodiae
1432 2302 1541 2337 disci-

325 2381 332 2398 ¹
355 2382 410 2411 est
426 2382 505 2411 iura
521 2381 568 2413 H.
703 2380 715 2397 ²
744 2384 788 2419 Cp
805 2385 830 2412 to
847 2384 907 2411 this
917 2384 1009 2419 point
1024 2384 1070 2411 the
1086 2384 1221 2418 clcapters
1238 2385 1311 2412 hare
1329 2384 1397 2412 been
1414 2386 1542 2414 marked

280 2435 315 2464 in
339 2435 385 2462 the
408 2436 535 2471 mczryz'n
556 2435 591 2470 of
608 2434 644 2465 H
660 2444 667 2473 ;
682 2435 769 2471 from
786 2444 809 2464 c.
827 2445 847 2474 9
863 2436 1006 2464 onwards
1022 2435 1177 2472 inclusive,
1194 2437 1254 2464 this
1278 2436 1305 2463 is
1324 2438 1375 2464 not
1397 2437 1443 2465 the
1466 2445 1542 2466 case.

277 2485 290 2502 ³
313 2494 477 2523 -rumque
493 2486 521 2516 δ.
610 2486 622 2502 ¹
644 2490 698 2516 est
714 2488 834 2516 autem
852 2487 879 2516 δ.
983 2486 994 2503 ⁵
1019 2486 1102 2515 -dus
1120 2487 1148 2517 δ.
1251 2486 1261 2500 ⁰
1285 2486 1497 2528 esterwinus
1514 2488 1542 2517 δ.

277 2535 289 2552 ⁷
312 2537 438 2577 primis
453 2537 619 2568 autumni
635 2539 836 2569 abscessum
859 2537 907 2569 H.
955 2540 1103 2578 (Perhaps
1117 2540 1285 2576 something
1301 2540 1358 2567 has
1374 2540 1444 2568 been
1458 2538 1542 2579 lost.)

277 2585 289 2604 ²³
312 2597 381 2628 que
395 2597 455 2619 om.
473 2588 522 2620 H.

1568 671 1727 698 Benedict

1567 711 1633 738 and
1649 711 1738 739 Ceol—

1568 750 1636 777 frid
1651 753 1699 777 set
1715 752 1771 777 ont

1567 790 1617 817 for
1632 790 1743 817 Rome.

1567 1668 1718 1697 Founda-

1566 1708 1637 1735 tion
1653 1709 1689 1735 of

1567 1748 1588 1775 J
1590 1756 1705 1776 arrow.
