1803 2887
236 145 313 177 CAP.
328 141 417 182 xm]
635 135 785 178 Gentis
816 136 1085 191 Arnyzorum.
1405 135 1487 175 305

214 244 824 316 'leuamoaennbhsssissmffinum
861 253 969 291 latus
1012 252 1193 290 flammis
1236 251 1490 289 sementibus

234 317 412 355 nimium
432 318 626 362 terribile,
650 319 826 357 alterum
852 319 1032 357 furenti¹
1055 318 1256 368 grandine
1275 330 1320 355 ac
1339 317 1489 364 frigore

234 382 397 421 niuium
432 384 570 422 omnia
606 384 805 433 perflante
841 386 963 433 atque
999 386 1189 422 uerrente
1227 396 1312 420 non
1350 382 1490 419 minus

233 446 488 496 intolerabile
516 426 1097 526 praeferebatfflUtrumque2
1126 450 1265 487 autem
1295 449 1379 485 erat
1409 447 1491 484 ani-

233 515 380 553 mabus
413 516 632 554 hominum
669 516 841 565 plenum
853 516 877 563 3,
913 528 1016 564 quae
1053 514 1238 553 uicissim
1275 514 1357 551 huc
1394 512 1491 550 inde

232 579 477 619 uidebantur
514 581 629 631 quasi
665 581 920 631 tempestatis
957 581 1116 630 impetu
1160 579 1308 618 iactari.
1385 578 1489 616 Cum

234 646 346 683 enim
392 648 481 685 uim
523 647 697 685 feruoris
735 647 917 685 inmensi
961 647 1135 685 tolerare
1181 659 1264 683 non
1303 644 1484 693 possent,

232 713 496 761 prosiliebant
530 713 700 751 miserae
734 713 778 751 in
811 713 995 752 medium
1029 712 1200 762 rigoris*
1237 710 1405 758 infesti;
1449 712 1489 747 et

233 792 328 818 cum
361 792 496 828 neque
528 779 586 817 ibi
617 779 829 828 quippiam
867 779 1022 828 requiei
1060 778 1248 816 inuenire
1286 777 1484 818 ualerent,

231 845 465 884 resiliebant
510 858 650 882 rursus
687 845 866 882 urendae
906 845 952 882 in
999 844 1184 882 medium
1225 843 1489 880 flammarum

232 911 625 961 inextinguibilium.
687 911 873 959 Cumque
906 911 981 948 hac
1013 909 1170 947 infelici
1202 907 1488 946 uicissitudine

231 977 352 1027 longe
372 977 542 1025 lateque,
564 978 684 1024 prout
706 976 884 1025 aspicere
904 977 1098 1025 poteram,
1124 975 1213 1012 sine
1233 974 1318 1011 ulla
1340 973 1489 1022 quietis

230 1042 535 1092 intercapedine
591 1041 906 1079 innumerabilis
960 1041 1183 1090 spirituum
1240 1039 1488 1078 deformium

231 1108 457 1147 multitudo
477 1109 744 1156 torqueretur,
770 1107 944 1156 cogitare
961 1106 1083 1155 coepi,
1103 1106 1211 1154 quod
1232 1105 1299 1143 hic
1319 1105 1491 1142 fortasse

232 1177 337 1213 esset
384 1174 583 1219 inferan
633 1174 682 1211 de
732 1173 846 1210 cuius
893 1172 1113 1210 tormentis
1161 1170 1490 1208 intolerabilibus

233 1239 414 1278 narrari5
446 1238 607 1287 saepius
639 1219 840 1304 audii&
851 1237 1079 1286 Respondit
1108 1236 1346 1286 cogitationi
1374 1248 1489 1273 meae

232 1305 387 1352 ductor,
423 1304 493 1354 qui
526 1317 593 1342 me
625 1303 916 1353 praecedebat:
962 1302 1093 1340 “Non
1131 1302 1248 1349 hoc,’'
1280 1301 1485 1350 inquiens,

237 1370 490 1420 “suspiceris
508 1384 517 1417 3
560 1383 646 1407 non
677 1369 790 1407 enim
820 1369 887 1407 hic
921 1368 1110 1407 infernus
1147 1369 1209 1406 est
1248 1367 1329 1415 ille,
1364 1379 1488 1416 quem

230 1436 391 1486 putas.''

291 1503 373 1540 ‘At
411 1515 505 1539 cum
543 1514 610 1538 me
647 1500 724 1538 hoc
761 1501 990 1550 spectaculo
1028 1502 1115 1539 tam
1162 1500 1366 1538 horrendo
1409 1511 1493 1546 per-

236 1569 428 1606 territum
453 1567 652 1616 paulatim
680 1566 725 1604 in
753 1566 944 1604 ulteriora
971 1567 1221 1616 produceret,
1247 1564 1334 1603 uidi
1357 1564 1492 1602 subito

235 1636 331 1672 ante
364 1646 441 1671 nos
472 1633 676 1670 obscurari
707 1632 887 1681 incipere
918 1631 1015 1680 loca,
1055 1634 1095 1670 et
1133 1631 1315 1669 tenebris
1353 1629 1493 1668 omnia

234 1699 392 1748 repleri.
455 1699 562 1747 Quas
595 1712 690 1736 cum
719 1698 976 1745 intraremus,
1014 1698 1058 1735 in
1091 1699 1257 1735 tantum
1287 1695 1494 1745 paulisper

234 1765 506 1802 condensatae
536 1766 644 1811 sunt,
684 1766 731 1802 ut
769 1764 877 1802 nihil
914 1765 1074 1813 praeter
1111 1763 1219 1812 ipsas
1257 1762 1489 1811 aspicerem,

234 1832 400 1879 excepta
420 1830 633 1868 dumtaxat
654 1830 785 1879 specie
806 1831 845 1867 et
865 1831 980 1867 ueste
1001 1829 1098 1875 eius,
1125 1828 1194 1877 qui
1214 1841 1280 1865 me
1305 1826 1488 1865 ducebat.

233 1895 287 1933 Et
321 1908 416 1933 cum
444 1896 782 1945 progrederemur
815 1895 921 1933 ‘sola
949 1895 1025 1933 sub
1055 1896 1174 1932 nocte
1202 1907 1273 1943 per
1300 1892 1494 1939 umbras,'

234 1974 323 1998 ecce
368 1961 503 1999 subito
551 1963 745 2010 apparent
793 1963 888 1999 ante
934 1974 1009 1998 nos
1056 1960 1183 1998 crebri
1230 1959 1493 1997 flammarum

233 2027 434 2064 tetrarum
467 2026 589 2075 globi,
624 2027 893 2065 ascendentes
924 2026 1040 2076 quasi
1074 2026 1123 2063 de
1162 2027 1286 2074 puteo
1325 2037 1488 2073 magno,

234 2105 481 2141 rursumque
502 2092 736 2130 decidentes
755 2093 798 2130 in
820 2093 1007 2130 eundem.
1063 2091 1150 2139 Quo
1164 2104 1257 2128 cum
1273 2090 1493 2139 perductus

235 2170 378 2204 essem,
411 2160 579 2206 repente
609 2158 754 2196 ductor
790 2171 907 2195 meus
940 2157 1148 2205 disparuit,
1185 2169 1228 2193 ac
1259 2168 1326 2193 me
1358 2155 1492 2193 solum

234 2222 280 2259 in
317 2223 453 2260 medio
491 2223 756 2261 tenebrarum
796 2225 836 2260 et
874 2222 1063 2260 horridae
1101 2221 1274 2259 uisionis
1310 2220 1488 2270 reliquit.

235 2289 293 2326 At
327 2302 420 2326 cum
450 2289 561 2327 idem
589 2289 702 2339 globi
730 2289 892 2339 ignium
922 2289 1010 2327 sine
1039 2287 1343 2325 intermissione
1368 2285 1492 2323 modo

235 2353 317 2391 alta
362 2356 558 2404 peterent,
601 2355 722 2393 modo
770 2355 852 2392 ima
893 2353 1045 2392 baratri
1086 2353 1326 2402 repeterent,
1371 2364 1492 2389 cerno

236 2419 385 2467 omnia,
406 2433 507 2468 quae
523 2420 805 2468 ascendebant,
819 2419 981 2469 fastigia
994 2419 1256 2457 flammarum
1270 2418 1393 2467 plena
1406 2429 1493 2455 esse

282 2525 289 2543 ¹
315 2526 471 2558 feruenti
488 2528 535 2558 M.
655 2527 667 2545 ²
689 2530 819 2568 utrque
835 2527 883 2559 M¹
899 2539 906 2566 ;
929 2530 1078 2566 uterque
1095 2526 1155 2559 ΜΞ.
1311 2524 1323 2542 3
1347 2534 1429 2556 -nus
1446 2524 1492 2557 M.

236 2578 248 2596 ⁴
272 2577 413 2617 frigoris
429 2579 476 2609 M.
490 2580 551 2620 ΗΓ
566 2580 608 2610 D.
625 2579 680 2611 δῖα.
769 2579 780 2597 ⁵
803 2589 949 2610 narrare
968 2579 1014 2611 M.

847 2645 876 2672 X
