1788 2928
65 495 162 522 Hebr.
172 494 226 522 xii.
239 500 264 522 0.

64 948 135 976 1011.
153 949 192 976 vi.
211 959 236 977 0.

285 180 387 219 clxii
583 180 896 223 Introduction
919 199 926 222 :
966 183 1003 222 A
1005 182 1210 237 ppendz'oe
1239 182 1306 223 II.

285 307 380 331 cum
399 294 500 332 fietu
527 295 714 345 legimus.
776 296 828 333 In
849 296 921 333 tan
948 296 1082 334 leticia
1102 296 1500 346 quinquagesimales
1520 297 1606 334 dies

287 372 414 408 usque
443 361 492 398 ad
523 360 632 398 diem
660 361 888 410 praefatum
919 361 1176 399 deduximus.
1237 362 1291 399 Et
1323 362 1393 399 ille
1422 362 1604 399 multum

286 425 452 472 gauisus
472 427 533 463 est
546 425 568 473 ¹,
595 428 636 463 et
655 427 742 464 Deo
769 426 919 475 gratias
939 426 1137 464 referebat
1151 425 1173 474 2,
1199 427 1292 475 quia
1311 427 1368 464 sic
1388 427 1605 464 meruisset

286 489 496 528 infirmari.
558 491 636 528 Etss
670 505 789 540 saepe
822 492 1006 530 dicebat:
1050 492 1250 542 ‘flagellat
1290 493 1400 529 Deus
1439 505 1605 529 omnem

287 555 422 592 filium
449 569 571 605 quem
598 557 768 605 recipit,'
788 558 829 595 et
857 557 1106 595 sentenciam
1120 560 1133 578 ⁴
1153 557 1388 595 Ambrosii:
1422 558 1530 595 ‘non
1550 557 1607 594 sic

288 620 381 668 uixi,
407 622 454 658 ut
479 634 547 658 me
565 622 714 670 pudeat
736 622 845 660 inter
864 636 938 660 uos
957 622 1097 659 uiuere
1115 637 1123 670 ;
1153 623 1222 660 sed
1244 636 1318 660 nec
1338 622 1444 659 mori
1463 623 1601 670 timeo,

285 685 380 733 quia
399 686 555 723 bonum
575 687 803 724 Dominum
817 688 829 706 ⁵
849 687 1076 725 habemus.’
1124 688 1176 725 In
1197 687 1285 725 istis
1304 690 1443 725 autem
1463 687 1608 725 diebus

285 750 364 787 dua
393 752 586 799 opuscula
614 753 835 789 memoriae
864 752 996 801 digna,
1022 754 1200 802 exceptis
1229 752 1483 799 lectionibus,
1508 765 1608 800 quas

286 815 477 853 cottidie⁶
508 816 739 865 accepimus
770 818 820 854 ab
854 831 910 865 eo,
947 819 987 855 et
1020 820 1143 855 cantu
1177 818 1441 866 psalmorum,
1477 817 1608 854 facere

285 881 469 929 studuit3
498 881 541 919 id
569 884 629 919 est
657 896 680 919 a
706 882 836 930 capite
865 883 995 920 sancti
1021 883 1226 931 euangelii
1252 882 1452 920 Iohannis
1478 894 1608 930 usque

286 946 335 983 ad
356 959 451 983 eum
478 947 613 984 locum
641 947 684 984 in
710 961 789 996 quo
809 947 970 995 dicitur,
1001 948 1093 985 ‘sed
1120 948 1217 985 haec
1246 948 1344 996 quid
1374 948 1473 984 sunt
1500 946 1608 983 inter

287 1013 423 1049 tantos
435 1013 455 1049 ⁴?
469 1013 477 1027 '
506 1012 550 1049 in
563 1012 575 1031 ⁷
595 1014 777 1049 nostram
798 1012 984 1061 linguam
1005 1013 1053 1049 ad
1078 1013 1303 1050 utilitatem
1323 1012 1511 1049 ecclesiae
1532 1012 1609 1049 Dei

286 1077 498 1124 conuertit,
523 1078 563 1114 et
584 1078 633 1115 de
652 1077 770 1115 libris
784 1077 796 1096 ⁸
817 1078 966 1115 Isidori
992 1077 1170 1127 episcopi
1190 1077 1470 1126 excerptiones
1490 1090 1608 1126 quas-

285 1142 396 1189 dam,
417 1142 556 1180 dicens
573 1157 581 1180 :
613 1143 729 1180 ‘nolo
750 1145 795 1180 ut
816 1143 932 1191 pueri
951 1143 1035 1181 mei
1055 1143 1314 1181 mendacium
1335 1143 1484 1192 legant,
1505 1144 1545 1180 et
1564 1142 1608 1179 in

286 1208 361 1245 hoc
397 1210 488 1257 post
527 1221 668 1245 meum
708 1208 893 1245 obitumn
932 1208 1020 1246 sine
1058 1209 1194 1246 fructu
1232 1209 1447 1246 laborent.'
1504 1208 1610 1246 Cum

286 1273 465 1311 uenisset
502 1275 642 1311 autem
681 1273 802 1311 tertia
840 1274 940 1312 feria
982 1276 1078 1312 ante
1120 1275 1401 1312 ascensionem
1439 1273 1610 1312 Domini

285 1339 415 1387 coepit
455 1339 742 1377 uehementius
777 1341 960 1388 egrotare
974 1339 999 1358 ¹*'
1028 1340 1073 1377 in
1112 1340 1308 1388 anhelitu,
1348 1341 1389 1377 et
1425 1339 1611 1377 modicus

285 1407 424 1441 tumor
449 1405 492 1441 111
514 1403 634 1441 5111511
655 1405 828 1454 pedibus
856 1405 1053 1454 apparuit.
1115 1406 1267 1443 Totum
1287 1406 1427 1443 tamen
1442 1404 1468 1424 ¹²
1488 1405 1611 1442 illum

286 1469 394 1506 diem
416 1470 593 1515 docebat,
618 1472 657 1508 et
682 1471 868 1508 hilariter
887 1471 1073 1519 dictabat,
1099 1473 1138 1508 et
1165 1484 1479 1520 nonnumquam
1504 1470 1612 1508 inter

286 1535 365 1572 alia
380 1535 484 1573 dixit
500 1550 508 1573 ε
541 1537 549 1553 ‘
563 1536 704 1574 discite
721 1550 815 1574 cum
830 1537 1097 1574 festinatione
1116 1551 1124 1584 ;
1152 1537 1245 1585 quia
1266 1537 1399 1574 nescio
1416 1536 1611 1585 quamdiu

287 1601 519 1649 subsistam,
553 1603 594 1639 et
623 1601 658 1639 si
691 1604 782 1650 post
811 1602 1023 1640 modicum
1052 1602 1171 1640 tollat
1198 1615 1265 1639 me
1294 1602 1436 1639 Factor
1467 1602 1620 1639 meus.’⁴

288 1666 417 1703 Nobis
446 1669 587 1704 tamen
602 1666 626 1685 ¹²¹
651 1667 869 1705 uidebatur
907 1681 958 1704 ne
996 1668 1101 1705 forte
1135 1667 1292 1705 exitum
1321 1666 1482 1705 suum³³
1509 1667 1612 1704 bene

287 1731 406 1769 sciret
423 1746 432 1778 3
462 1733 502 1769 et
529 1732 585 1769 sic
613 1735 776 1770 noctem
797 1733 841 1769 in
864 1733 1088 1782 gratiarum
1108 1733 1265 1771 actione
1284 1732 1459 1782 peruigil
1479 1732 1608 1769 duxit.

289 1797 343 1834 Et
369 1809 490 1835 mane
517 1797 804 1845 inlucescente,
837 1798 878 1835 id
905 1800 966 1836 est
993 1801 1136 1847 quarta
1162 1798 1270 1846 feria,
1295 1797 1500 1847 praecepit
1527 1797 1614 1834 dili-

288 1864 431 1910 genter
450 1862 571 1900 scribi
592 1876 694 1912 quae
714 1877 974 1912 coeperamus
992 1879 1000 1911 ;
1030 1866 1071 1901 et
1091 1864 1167 1901 hoc
1187 1864 1360 1901 fecimus
1373 1862 1400 1882 14
1415 1875 1544 1911 usque
1563 1862 1614 1900 ad

289 1928 456 1965 terciam
477 1928 632 1966 horam.
693 1930 733 1966 A
753 1928 877 1966 tercia
902 1931 1041 1967 autem
1069 1929 1168 1967 hora
1194 1928 1500 1966 ambulauimus
1519 1939 1613 1965 cum

289 1993 474 2042 reliquiis
509 1995 757 2042 sanctorum,
791 1996 836 2031 ut
867 1994 1119 2032 consuetudo
1152 1994 1265 2032 illius
1298 1994 1378 2032 diei
1409 1992 1610 2042 poscebat.

289 2059 344 2096 Et
364 2072 471 2096 unus
488 2061 510 2078 ¹5¹
531 2061 617 2097 erat
641 2073 688 2096 ex
709 2059 827 2097 nobis
854 2073 948 2097 cum
968 2060 1051 2107 illo,
1077 2059 1148 2109 qui
1169 2059 1272 2098 dixit
1299 2059 1386 2097 illi:
1421 2060 1429 2076 ⁴
1442 2059 1574 2096 adhuc
1589 2057 1615 2077 ¹⁶

290 2125 512 2173 capitulum
527 2139 658 2162 unum
675 2125 724 2162 de
744 2125 860 2172 libro,
881 2139 1003 2174 quein
1018 2125 1179 2163 dictasti
1193 2125 1230 2173 ¹⁷,
1251 2125 1376 2172 deest,
1396 2126 1436 2162 et
1449 2124 1614 2162 uidetur

336 2239 343 2255 1
368 2239 542 2278 gaudebat
559 2240 638 2270 edd.
759 2240 770 2255 '⁸'
794 2240 934 2278 Deoque
949 2250 1000 2279 gr.
1016 2241 1138 2279 agebat
1155 2240 1233 2271 edd.
1357 2240 1368 2255 ²³
1393 2239 1564 2269 referebat
1579 2240 1614 2269 et

291 2291 372 2321 edd.
535 2291 545 2307 1
570 2294 605 2322 et
621 2292 736 2322 multa
749 2293 823 2322 alia
840 2292 883 2322 de
901 2294 1020 2322 sancta
1038 2293 1222 2331 scriptura,
1244 2291 1460 2321 sententiam
1477 2300 1614 2329 quoque

291 2344 405 2374 sancti
422 2343 502 2374 edd.
605 2343 616 2361 ⁵
640 2344 754 2374 Deum
772 2344 852 2374 edd.
892 2370 893 2373 ,
951 2343 962 2359 ⁰
985 2344 1131 2374 cottidie
1147 2354 1204 2374 om.
1222 2344 1300 2374 edd.
1400 2338 1409 2354 1
1438 2343 1612 2382 studebat,

290 2395 518 2434 euangelium
536 2395 669 2426 scilicet
686 2397 800 2426 sancti
817 2395 892 2426 Ioh.
912 2396 950 2426 in
966 2396 1045 2426 edd.
1214 2394 1225 2410 Β
1248 2396 1350 2425 libris
1366 2396 1524 2425 rotarum
1542 2394 1615 2434 [leye

292 2447 472 2487 notarum]
491 2447 571 2478 edd.
685 2447 697 2464 ⁹
721 2448 773 2478 ob.
791 2457 911 2478 meum
928 2447 1008 2477 edd.
1121 2446 1144 2463 ¹⁰
1169 2447 1212 2477 -ri
1230 2447 1310 2477 edd.
1421 2445 1443 2463 ¹¹
1466 2446 1539 2476 suis
1555 2455 1612 2475 om.

291 2498 372 2528 edd.
463 2498 483 2514 ¹2
506 2500 625 2529 autem
641 2499 722 2530 edd.
817 2498 840 2516 ¹³
862 2499 935 2530 uid.
954 2500 1046 2538 quod
1063 2509 1167 2529 suum
1183 2508 1237 2530 ex.
1255 2498 1335 2529 edd.
1434 2497 1456 2515 ¹⁴
1481 2497 1614 2528 factum

290 2551 372 2581 edd.
505 2550 529 2569 ¹⁵
552 2561 645 2581 unus
661 2561 745 2581 uero
761 2551 842 2582 edd.
980 2549 1002 2567 ¹⁶
1025 2551 1193 2591 magister
1210 2551 1439 2581 dilectissime
1455 2552 1518 2580 add
1534 2548 1614 2580 edd.

293 2600 314 2618 ¹⁷
340 2602 382 2632 de
401 2603 490 2632 libro
507 2626 515 2633 .
537 2627 544 2633 .
562 2627 569 2633 .
590 2603 732 2633 dictasti
750 2613 810 2633 om.
827 2602 906 2634 edd.
