1803 2887
75 1174 113 1198 cf.
129 1172 170 1200 ib.
189 1173 204 1209 ,ξ

75 1212 114 1239 16.

12 2019 16 2031 '
67 2018 87 2044 f.
109 2027 139 2050 ¹4
152 2017 180 2044 b.

723 147 901 185 auctore
930 143 1097 185 Baedro.
1458 145 1540 184 375

279 271 394 296 meae
423 257 561 295 crebre
589 257 932 306 peregrinationis
961 257 1167 295 discursus
1197 258 1339 305 optima
1360 258 1536 307 conperi,

279 324 369 361 haec
402 322 593 360 uniuersa
632 323 758 367 didici,
801 323 842 359 et
880 321 997 358 uobis
1035 321 1250 359 salubriter
1288 321 1541 360 obseruanda

279 387 530 426 contradidi.³
557 385 561 436 l
588 386 887 424 Bibliothecam
926 399 1049 435 quam
1088 386 1138 424 de
1176 387 1306 424 Roma
1339 386 1540 424 nobilissi-

276 465 389 490 mam
427 451 830 500 copiosissimamque
868 451 1096 498 aduexerat,
1133 451 1181 488 ad
1220 451 1539 489 instructionem

275 516 489 554 aecclesiae
518 515 798 562 necessariam,
824 515 996 552 sollicite
1023 515 1177 552 seruari
1200 516 1416 565 integram,
1443 515 1537 554 necl

273 594 345 630 per
372 581 572 618 incuriam
602 580 741 628 fedari,
776 582 845 618 aut
871 579 1023 629 passim
1040 579 1052 598 ‘²
1078 580 1292 630 dissipari3
1319 582 1531 630 praecepit.

274 646 352 684 Sed
373 647 414 683 01
442 646 517 683 hoc
545 645 711 682 sedulus
737 645 891 682 eisdem
919 645 1075 683 solebat
1105 645 1251 683 iterare
1276 647 1530 693 mandatum,

273 724 325 748 ne
345 710 437 760 quis
456 710 500 747 in
521 710 720 747 electione
740 709 909 757 abbatis,
933 710 1094 759 generis
1122 710 1361 760 prosapiam,
1387 713 1425 749 et
1448 725 1534 749 non

271 776 403 825 magis
447 775 617 813 uiuendi
654 775 909 824 docendique
943 775 1188 824 probitatem
1235 779 1398 825 putaret
1446 789 1534 814 esse

271 842 554 890 quaerendam.
621 841 696 878 ‘Et
726 841 848 887 uere,’
872 840 1020 889 inquit,
1049 842 1058 859 ‘
1086 841 1174 878 dico
1205 842 1332 886 uobis,
1364 842 1459 891 quia
1489 842 1531 879 in

269 906 557 955 conparatione
614 906 790 944 duorum
846 905 1061 954 malorum,
1119 906 1376 945 tolerabilius
1426 907 1531 944 mihi

267 971 432 1009 111111104
465 973 526 1009 est
558 973 694 1009 totum
726 971 836 1008 hunc
876 970 1012 1008 locum
1044 971 1089 1008 in
1122 985 1202 1020 quo
1232 973 1531 1010 monasterium

268 1035 355 1084 feci,
398 1037 431 1074 si
469 1036 526 1073 sic
565 1035 807 1074 indicauerit
841 1036 963 1083 Deus,
996 1036 1041 1073 in
1079 1036 1347 1075 solitudinem
1386 1037 1532 1086 sempi-

266 1104 427 1140 ternam
466 1102 606 1150 redigi,
642 1114 765 1150 quam
804 1103 849 1139 ut
880 1102 1006 1139 frater
1036 1115 1154 1139 meus
1185 1102 1369 1149 carnalis,
1406 1116 1531 1152 quem

266 1167 459 1205 nouimus
490 1167 602 1205 uiam
635 1166 822 1205 ueritatis
859 1180 944 1204 non
981 1167 1154 1216 ingredi,
1185 1167 1230 1205 in
1268 1181 1315 1205 eo
1351 1168 1530 1217 regendo

265 1235 357 1282 post
386 1246 453 1270 me
481 1232 637 1270 abbatis
667 1233 837 1270 nomine
866 1232 1063 1270 succedat.
1126 1233 1307 1282 Ideoque
1345 1233 1528 1270 multum

265 1299 449 1335 cauetote
467 1298 612 1335 fratres
633 1310 803 1346 semper,
829 1311 881 1335 ne
904 1298 1131 1335 secundum
1162 1311 1292 1347 genus
1314 1311 1523 1347 umquam,

264 1364 342 1401 ne5
380 1363 531 1401 deforis
577 1363 754 1407 aliunde,
797 1362 915 1400 uobis
961 1365 1120 1412 patrem
1163 1363 1375 1412 quaeratis
1447 1364 1527 1402 Sed

263 1429 377 1466 iuxta
406 1429 513 1478 quod
545 1430 674 1476 reyula
703 1428 871 1477 magni6
892 1428 1099 1477 quondam
1128 1428 1285 1466 abbatis
1313 1430 1522 1477 Benedicti,

263 1494 379 1532 iuxta
409 1494 516 1543 quod
537 1495 742 1542 priuileyii
770 1493 902 1531 nostri
931 1495 1129 1532 continent
1157 1494 1324 1542 decreta,
1358 1495 1403 1532 in
1433 1508 1525 1532 con—

262 1562 393 1598 uentu
433 1561 592 1597 uestrae
634 1559 959 1608 congregationis
993 1559 1205 1597 communi
1239 1560 1409 1597 consilio
1443 1574 1526 1609 per-

263 1625 444 1674 quiratis,
485 1625 555 1674 qui
594 1625 821 1662 secundum
859 1626 963 1663 ‘uitae
993 1625 1190 1663 meritum
1229 1628 1269 1663 et
1302 1625 1526 1674 sapientiae

263 1693 480 1730 doctrinam
518 1690 677 1739 aptiorT
711 1690 760 1727 ad
799 1689 880 1727 tale
912 1690 1193 1728 ministerium
1227 1691 1525 1740 perficiendum

261 1757 503 1807 digniorque
526 1756 730 1805 probetur,
755 1757 794 1793 et
815 1769 1100 1805 quemcunque
1130 1770 1274 1794 omnes
1300 1756 1496 1794 unanime
1514 1757 1525 1772 ‘⁴

261 1819 438 1857 caritatis
458 1818 725 1867 inquisitione
749 1818 953 1866 optimum
978 1820 1269 1867 cognoscentes
1292 1818 1494 1868 elegeritis
1514 1833 1522 1866 3

260 1883 371 1921 1111110
401 1884 519 1921 uobis
548 1883 673 1921 accito
704 1883 890 1932 episcopo
923 1883 1073 1932 rogetis
1104 1883 1295 1921 abbatem
1329 1886 1523 1922 consueta

258 1949 541 1986 benedictione
562 1948 727 1986 firmari.
781 1948 888 1985 Nam
909 1948 979 1996 qui
999 1949 1177 1996 carnali,’
1197 1949 1334 1998 inquit
1359 1949 1522 1987 ‘ordine

259 2012 442 2049 carnales
454 2011 560 2048 filios
572 2012 780 2060 generant,
798 2011 951 2048 carnali
964 2024 1126 2048 necesse
1153 2011 1156 2061 Ι
1183 2012 1324 2049 est9ac
1338 2016 1520 2049 terrenae

260 2090 355 2115 suae
374 2076 595 2114 hereditati
616 2075 798 2113 carnales
823 2078 1087 2125 terrenosque
1111 2078 1309 2126 quaerant
1328 2077 1520 2124 heredes;

257 2144 299 2180 at
327 2142 397 2191 qui
421 2141 624 2191 spiritales
654 2142 741 2179 Deo
764 2141 872 2178 filios
899 2141 1072 2190 spiritali
1099 2142 1256 2179 semine
1285 2142 1402 2179 uerbi
1429 2155 1519 2191 pro-

258 2209 406 2255 creant,
431 2207 628 2256 spiritalia
649 2208 806 2255 oportet
828 2206 911 2243 sint
931 2209 1078 2244 cuncta
1098 2220 1200 2256 quae
1219 2209 1358 2256 agunt.
1403 2207 1521 2245 Inter

258 2272 464 2321 spiritales
502 2286 598 2310 suos
636 2272 785 2310 liberos
824 2285 919 2309 eum
967 2272 1165 2310 maiorem
1213 2272 1283 2322 qui
1330 2273 1520 2322 ampliori

258 2338 427 2387 spiritus
446 2338 575 2387 gratia
593 2338 647 2376 sit
665 2337 877 2388 praeditus
891 2337 1119 2387 aestiment,
1141 2339 1346 2388 quomodo
1367 2339 1518 2376 terreni

300 2455 310 2473 ¹
334 2467 379 2488 110
396 2458 492 2490 MSS.
603 2458 614 2474 ²
636 2459 784 2497 spassim
798 2458 834 2489 P.
946 2456 958 2474 ³
981 2459 1064 2491 diss.
1083 2461 1198 2498 posset
1215 2463 1256 2490 Δ.
1391 2457 1402 2474 ⁴
1427 2459 1517 2488 mul-

257 2512 336 2540 tum
353 2510 392 2540 B.
497 2511 509 2529 ⁵
532 2520 597 2541 nec
613 2514 642 2540 Δ
757 2512 767 2525 ¹³
790 2519 920 2549 magna
937 2510 996 2549 Hl.
1102 2510 1112 2526 ⁷
1137 2521 1189 2542 -ra
1206 2511 1246 2541 B.
1393 2511 1457 2540 —mi
1475 2510 1517 2541 D.

257 2564 294 2595 P.
312 2564 347 2595 C.
368 2564 408 2596 B.
428 2565 464 2596 F.
567 2565 579 2583 ⁹
602 2567 655 2596 est
670 2575 728 2596 om.
748 2565 811 2603 HI.
