1803 2887
115 2339 230 2375 f.41b.

270 192 348 222 Cn.
366 185 490 228 XVIL]
668 178 819 220 Gentis
849 177 922 218 An
929 176 1121 231 ylorum.
1445 177 1464 215 1
1474 176 1526 215 19

266 300 466 341 AEduino¹
499 302 577 349 reyi
605 299 824 348 Anylorwn
854 300 1052 337 Honorius
1077 299 1269 346 episcopus
1296 308 1429 335 seruus
1457 309 1526 335 ser-

264 382 402 407 uorum
425 369 497 405 Dei
516 367 686 404 salutem.

317 435 386 471 Ita
411 432 711 471 Christianitatis
733 433 879 469 uestrae
905 430 1101 477 integritas
1120 430 1217 466 cirea
1243 429 1304 466 sui
1324 429 1525 466 conditoris

263 498 406 535 cultum
425 498 520 544 fidei
548 499 601 534 est
629 497 760 533 ardore
789 507 974 541 succensa,
998 497 1042 532 ut
1072 495 1175 542 lonae
1204 495 1348 541 lateque
1371 495 1525 540 resplen-

226 599 232 604 ,
262 563 356 609 (leat,
376 565 409 600 et
430 564 470 599 in
485 563 588 599 omni
602 561 744 598 mando
758 561 991 598 adnuntiata
1006 561 1122 597 uestri
1137 560 1258 607 operis
1270 560 1528 606 multipliciter

261 628 398 675 referat
408 628 594 674 fructum.
655 627 719 664 Sic
744 627 843 664 enim
864 638 933 663 uos
953 637 1053 673 reyes
1078 636 1153 662 csse
1179 626 1404 673 cogynoscitis,
1431 625 1522 662 dum

262 705 381 741 reyem
407 696 441 731 et
469 692 675 731 Creatorem
700 694 871 730 uestrum
891 691 1094 728 orthodoxa
1105 691 1387 738 praedicatione
1406 691 1524 727 edocti

261 760 387 797 Deum
399 759 613 797 uenerando
626 758 784 804 creditis,
803 758 917 804 eique,
935 757 1035 804 quod
1046 757 1217 793 bumana
1229 756 1332 793 ualet
1344 756 1519 802 condicio,

261 824 396 861 mentis
414 826 559 862 uestrae
578 824 765 860 sinceram
785 823 1015 860 deuotionem
1035 821 1237 859 exsoluitis.
1301 821 1408 869 Quod
1425 823 1525 858 enim

258 890 339 928 Deo
357 892 483 927 nostro
502 889 612 926 aliud
629 888 761 934 offerre
779 888 1001 934 ualebimus,
1026 887 1103 924 nisi
1128 889 1172 924 ut
1192 888 1233 923 in
1254 887 1359 923 bonis
1379 887 1525 924 actibus

250 956 498 1002 persistentes,
523 955 720 1001 ipsumque
740 955 928 991 auctorem
954 953 1113 990 humani.
1130 953 1276 1000 qeneris
1295 953 1518 999 confitentes,

258 1032 344 1058 eum
364 1021 485 1067 colere,
504 1021 608 1067 eique
629 1022 718 1057 uota
736 1022 867 1057 nostra
884 1018 1034 1056 reddere
1045 1018 1304 1065 festinemus?
1350 1018 1406 1054 Et
1425 1018 1518 1063 ideo,

258 1087 558 1125 excellentissime
588 1086 662 1133 fili,
697 1088 864 1133 paterna
900 1097 970 1122 uos
1007 1085 1171 1130 caritate,
1215 1096 1292 1131 qua
1336 1085 1518 1131 conuenit,

259 1153 509 1199 exhortamur,
533 1154 576 1189 ut
595 1151 670 1198 lioe,
696 1151 795 1198 quod
814 1162 883 1188 uos
902 1150 1039 1188 diuina
1061 1150 1319 1187 misericordia
1342 1150 1393 1187 ad
1413 1162 1523 1187 suam

257 1219 423 1265 oratiam
443 1229 576 1255 uocare
600 1217 760 1264 dignata
784 1219 847 1263 est,
872 1217 1034 1254 sollicita
1059 1216 1265 1253 intentione
1289 1218 1323 1253 et
1348 1216 1524 1253 adsiduis

260 1284 494 1321 orationibus
525 1294 676 1320 seruare
709 1282 924 1320 omnimodo
947 1282 1165 1329 festinetis;
1204 1284 1256 1325 ut,
1290 1283 1356 1329 qui
1384 1294 1453 1319 uos
1483 1283 1522 1318 in

250 1350 448 1397 praesenti
475 1349 622 1387 saeculo
652 1360 695 1385 eac
724 1349 828 1385 omni
857 1359 978 1385 errore
1001 1348 1190 1385 absolutos
1215 1348 1265 1385 ad
1290 1348 1522 1395 aynitionem

257 1415 319 1453 sui
351 1415 520 1452 nominis
562 1416 615 1452 est
653 1414 836 1461 diqnatus
856 1413 1072 1460 perducere,
1108 1416 1143 1450 et
1175 1414 1343 1451 caelestis
1364 1414 1522 1460 patriae

258 1481 366 1518 uobis
395 1483 601 1528 praeparet
632 1481 882 1517 mansionem.
942 1479 1227 1517 Praedicator-is
1260 1479 1378 1526 icitur
1404 1480 1522 1516 uestri

259 1547 405 1583 domini
424 1547 497 1583 mei
513 1546 735 1593 apostolicae
747 1546 946 1583 memoriae
964 1545 1135 1592 Greglorii
1141 1545 1362 1592 frequenter
1373 1545 1522 1582 lectione

258 1613 439 1658 oeeupati,
456 1622 553 1658 prae
578 1611 696 1649 oculis
722 1610 902 1657 affectum
929 1611 1121 1648 doctrinae
1146 1610 1275 1657 ipsius,
1301 1608 1435 1657 quem²
1448 1621 1522 1657 pro

256 1677 394 1714 uestris
415 1676 618 1714 animabus
639 1676 796 1713 libenter
819 1676 990 1722 exercuit,
1015 1676 1207 1721 habetote;
1238 1676 1423 1722 quatinus
1442 1675 1524 1712 eius

257 1742 376 1779 oratio
414 1745 449 1779 et
485 1754 643 1789 reynum
681 1744 849 1778 uestrum
878 1741 1139 1789 populumque
1188 1743 1333 1789 auocat,
1377 1744 1411 1778 et
1454 1752 1523 1778 uos

256 1808 503 1854 omnipotenti
531 1807 611 1844 Deo
637 1807 982 1854 inreprehensibiles
1009 1809 1262 1854 repraesentet.
1323 1806 1389 1843 Ea
1418 1817 1517 1852 uero,

256 1884 351 1920 quae
369 1885 393 1910 a
411 1873 519 1910 nobis
536 1885 608 1920 pro
634 1873 772 1910 uestris
797 1872 1053 1910 sacerdotibus
1082 1872 1304 1909 ordinanda
1327 1872 1516 1919 sperastis,

255 1938 346 1976 haee
365 1940 368 1953 ²
390 1951 463 1986 pro
486 1939 583 1985 fidei
610 1941 757 1976 uestrae
780 1939 1003 1984 sinceritate,
1035 1949 1130 1985 quae
1155 1938 1265 1975 nobis
1293 1938 1522 1975 mzdtimocla

254 2004 433 2041 relatione
452 2015 525 2051 per
537 2004 802 2050 praesentium
823 2004 1022 2051 portitores
1047 2003 1294 2040 laudabiliter
1321 2004 1522 2040 insinuata

254 2072 317 2116 est,
349 2069 543 2116 gratuito4
578 2070 707 2106 animo
738 2069 951 2106 adtribuere
984 2069 1066 2106 ulla
1093 2070 1174 2106 sine
1204 2069 1386 2106 dilatione
1410 2081 1519 2115 prae·

253 2135 455 2180 uidemus;
495 2138 529 2171 et
556 2135 630 2172 (luo
645 2135 774 2182 pallia
801 2138 1046 2181 utrorumque
1074 2135 1456 2182 metropolitanorum,
1480 2134 1521 2171 id

255 2203 308 2238 est
337 2200 512 2237 Honorio
542 2203 577 2237 et
607 2200 787 2246 Paulino,
824 2201 1040 2247 direximus,
1076 2202 1126 2246 ut,
1159 2200 1251 2237 dum
1282 2201 1368 2247 quis
1393 2212 1522 2237 eorum

256 2265 300 2302 cle
318 2266 383 2303 hoe
403 2266 550 2303 saeculo
566 2266 618 2303 acl
637 2268 828 2303 auctorem
855 2277 970 2303 suum
993 2265 1123 2312 fuerit
1148 2266 1359 2310 arcessitus,
1384 2266 1427 2302 in
1448 2266 1523 2302 loco

258 2331 377 2378 ipsius
409 2332 505 2369 alter
535 2332 749 2379 episcopum
782 2343 825 2369 ex
854 2332 925 2369 bac
951 2328 954 2377 Ι
980 2334 1110 2368 nostra
1136 2332 1359 2368 auctoritate
1393 2331 1522 2368 debeat

257 2397 465 2445 subroyare.
523 2397 632 2445 Quod
651 2398 804 2445 quidem
825 2400 904 2435 tam
914 2410 987 2445 pro
1006 2399 1153 2435 uestrae
1173 2397 1347 2434 caritatis
1367 2396 1516 2443 affeetu,

302 2538 312 2556 ¹
335 2539 490 2570 eduuino
507 2541 532 2571 C
549 2551 556 2578 ;
580 2540 711 2571 eduino
728 2541 766 2571 Β.
820 2539 831 2557 ²
854 2541 948 2579 quod
965 2541 1011 2572 M.
1031 2541 1066 2579 C,
1086 2544 1205 2570 obscure
1221 2543 1255 2570 in
1272 2540 1311 2571 B.
1361 2539 1372 2557 ³
1392 2540 1458 2570 hoe
1476 2539 1520 2570 M.

258 2589 269 2608 ³
292 2592 452 2631 gratuitu
468 2592 512 2622 M.
531 2592 567 2623 C.

1549 308 1582 333 to
1598 305 1722 333 Edwin.

1548 345 1636 373 June
1654 354 1691 379 ιι,

1547 386 1609 419 634.
