1803 2887
57 2176 125 2211 f.63
142 2178 169 2205 b.

256 156 333 205 Cn.
350 168 473 210 XXV.]
653 161 804 203 Gentis
836 161 909 202 A„
916 160 1106 215 gylorum.
1432 163 1510 202 181

740 299 860 338 CAP.
895 299 1024 337 XXV.

310 401 347 429 Ut
362 400 494 435 quaestio
510 400 550 427 sit
565 400 644 427 mota
661 399 696 427 de
712 400 838 433 tempore
848 399 981 434 paschae
997 399 1148 427 aduersus
1163 406 1221 434 eos,
1238 398 1292 433 qui
1307 399 1342 426 (Ie
1358 398 1467 426 Scortia

808 453 964 479 uenerant.

308 528 494 565 INTEREA
514 527 678 565 Aidano
699 527 886 576 episcopo
908 527 957 564 de
981 527 1055 564 hac
1076 527 1159 564 uita
1181 526 1354 574 sublato,
1380 526 1512 564 Finan

253 607 326 643 pro
364 593 436 631 illo
475 593 648 642 gradum
689 593 946 641 episcopatus
978 606 999 630 a
1035 592 1186 630 Scottis
1220 592 1432 630 ordinatus
1469 605 1513 630 ac

253 659 405 696 missus
433 661 651 707 acceperat.
713 658 794 706 Qui
822 658 865 695 in
893 658 1028 695 insula
1058 657 1389 695 Lindisfarnensi
1416 657 1511 695 fecit

253 725 463 763 ecclesiam
481 725 697 774 episcopali
717 725 804 762 sedi
823 737 1044 773 congruam
1062 738 1070 771 3
1101 737 1224 773 quam
1239 727 1377 762 tamen
1398 738 1511 762 more

254 790 485 828 Scottorum
519 803 601 827 non
634 790 683 827 de
712 789 856 838 lapide,
891 790 961 827 sed
991 790 1041 827 de
1069 789 1214 827 robore
1243 792 1351 827 secto
1382 792 1510 827 totam

253 855 476 905 conposuit,
510 857 633 904 atque
662 855 894 893 harundine
922 855 1051 902 texit;
1086 868 1210 904 quam
1239 857 1422 903 tempore
1451 868 1510 893 se-

254 923 404 970 quente
441 920 801 958 reuerentissimus
837 921 1162 970 archiepiscopus
1192 921 1429 959 Theodorus
1467 921 1510 958 in

253 986 407 1024 honore
427 986 535 1024 beati
553 986 726 1034 apostoli
740 987 853 1023 Petri
874 986 1087 1024 dedicauit.
1139 986 1217 1024 Sed
1238 988 1277 1024 et
1300 986 1511 1035 episcopus

252 1051 329 1090 loci
349 1052 476 1101 ipsius
498 1051 721 1089 Eadberct¹
743 1051 877 1089 ablata
900 1051 1143 1099 harundine,
1167 1051 1330 1101 plumbi
1348 1052 1510 1089 lammi-

252 1117 317 1155 nis
351 1130 441 1155 eam
474 1119 615 1165 totam,
651 1117 727 1154 hoc
763 1119 823 1155 est
859 1119 897 1155 et
931 1119 1098 1165 tectum,
1133 1120 1172 1155 et
1206 1117 1316 1166 ipsos
1349 1130 1510 1167 quoque

250 1183 425 1232 parietes
454 1183 550 1231 eius,
583 1183 783 1232 cooperire
813 1183 981 1221 curauit.

305 1249 386 1286 His
398 1248 411 1268 2
427 1249 679 1297 temporibus
699 1249 881 1298 quaestio
901 1249 1005 1286 facta
1022 1251 1081 1286 est
1097 1249 1290 1298 frequens
1306 1250 1344 1286 et
1361 1262 1510 1298 magna

251 1315 300 1352 de
334 1315 616 1352 obseruatione
653 1315 837 1363 paschae,
875 1315 1217 1352 confirmantibus
1251 1315 1318 1362 eis,
1356 1314 1427 1363 qui
1459 1315 1509 1352 de

250 1380 395 1419 Cantia
424 1380 491 1418 uel
521 1380 570 1417 de
600 1380 772 1418 Galliis3
796 1381 1058 1427 aduenerant,
1085 1380 1193 1429 quod
1225 1380 1353 1418 Scotti
1381 1380 1507 1417 domi-

249 1446 388 1483 nicum
408 1446 580 1494 paschae
596 1446 704 1483 diem
721 1448 857 1483 contra
874 1446 1120 1483 uniuersalis
1139 1446 1329 1483 ecclesiae
1349 1458 1508 1483 morem

249 1511 511 1549 celebrarent.
572 1511 697 1549 Erat⁴
717 1511 761 1548 in
789 1511 854 1548 his
883 1511 1103 1549 acerrimus
1133 1511 1220 1548 ueri
1247 1511 1418 1560 paschae
1446 1511 1509 1549 de-

248 1577 386 1614 fensor
411 1577 579 1615 nomine
601 1577 760 1625 Ronan,
786 1577 951 1614 natione
973 1577 1138 1626 quidem
1163 1577 1338 1623 Scottus
1364 1577 1434 1614 sed
1462 1577 1507 1614 in

249 1642 404 1680 Galliae
452 1643 519 1680 uel
557 1642 701 1680 Italiae
739 1642 924 1691 partibus
967 1643 1151 1692 regulam
1190 1642 1507 1680 ecclesiasticae⁵

249 1708 432 1745 ueritatis
453 1708 628 1746 edoctus.
691 1707 769 1755 Qui
796 1721 890 1745 cum
912 1708 1067 1745 Finano
1095 1708 1329 1757 confligens,
1353 1708 1510 1746 multos

249 1773 416 1823 quidem
445 1773 630 1820 correxit,
662 1773 729 1810 uel
761 1774 810 1811 ad
840 1773 1095 1811 solertiorem
1124 1773 1308 1811 ueritatis
1337 1773 1508 1822 inquisi-

247 1839 403 1876 tionem
424 1840 620 1885 accendit,
639 1852 900 1888 nequaquam
914 1840 1052 1876 tamen
1068 1839 1274 1876 Finanum
1291 1840 1507 1877 emendare

247 1904 383 1953 potuit
400 1919 409 1951 3
444 1904 544 1953 quin
574 1904 723 1953 potius,
758 1905 865 1953 quod
896 1906 1001 1941 esset
1031 1903 1155 1941 homo
1189 1904 1334 1942 ferocis
1365 1904 1503 1951 animi,

247 1969 519 2007 acerbiorem⁶
549 1971 782 2019 castigando
811 1972 850 2007 et·
884 1971 1073 2018 apertum
1108 1969 1294 2007 ueritatis
1324 1970 1507 2008 aduersa-

247 2035 355 2072 rium
402 2036 589 2074 reddidit.
662 2035 913 2074 Obseruabat
962 2037 1100 2072 autem
1144 2034 1265 2072 Iacob
1314 2035 1507 2073 diaconus

249 2102 468 2150 quondam,
494 2104 539 2139 ut
561 2115 681 2151 supra
701 2101 923 2141 docuimus,
949 2100 1195 2138 uenerabilis
1214 2101 1507 2150 archiepiscopi

249 2166 425 2214 Paulini,
456 2166 459 2217 1
487 2180 633 2204 uerum
663 2169 703 2204 et
730 2166 977 2204 catholicum
1004 2165 1153 2214 pascha
1179 2179 1274 2203 cum
1298 2166 1502 2214 omnibus,

248 2245 350 2281 quos
379 2233 427 2270 ad
455 2233 736 2270 correctiorem
764 2232 875 2270 uiam
903 2231 1063 2269 erudire
1083 2234 1249 2280 poterat.
1307 2232 1507 2270 Obserua-

247 2297 318 2335 bat
346 2299 386 2335 et
411 2298 551 2347 regina
580 2298 750 2336 Eanfled
781 2311 874 2335 cum
902 2297 995 2344 suis,
1021 2298 1133 2335 iuxta
1158 2298 1267 2346 quod
1292 2299 1337 2335 in
1364 2298 1507 2336 Cantia

248 2363 337 2400 fieri
369 2363 539 2412 uiderat,
582 2364 738 2401 habens
776 2376 916 2401 secum
956 2363 1005 2400 de
1040 2362 1183 2401 Cantia
1221 2362 1507 2412 presbyterum

294 2477 303 2495 ¹
327 2478 445 2509 -berht
463 2479 500 2510 C.
661 2478 672 2495 ²
697 2480 738 2517 07
755 2481 857 2516 begn'ns
872 2490 891 2509 (ι
909 2489 972 2509 ’new
988 2482 1108 2516 chapter
1123 2482 1200 2509 llere.
1364 2478 1375 2495 ²
1400 2482 1443 2509 sic
1460 2478 1485 2509 C
1501 2490 1507 2516 ;

248 2530 351 2569 gallis
367 2531 414 2562 M.
427 2531 468 2562 B.
599 2529 611 2548 4
634 2533 710 2562 erat
728 2532 825 2562 enim
843 2531 945 2562 C.W.
958 2531 998 2562 D.
1015 2531 1074 2563 826.
1208 2531 1218 2548 ⁵
1243 2532 1442 2562 ecclesticae
1459 2530 1505 2562 M.

248 2579 260 2597 ὅ
282 2584 498 2614 aceruiorem
514 2583 561 2614 M.
579 2582 628 2614 C¹.
645 2584 686 2614 B.
703 2584 746 2614 N.

1536 539 1644 568 Finan

1536 580 1645 607 builds
1659 590 1676 607 a

1537 620 1670 647 wooden

1537 658 1662 686 ehureh
1677 661 1710 686 at

1536 697 1663 725 Lindis-

1535 736 1638 765 farne.

1534 1260 1601 1289 The
1617 1261 1677 1289 Pas
1683 1278 1690 1281 <

1534 1300 1611 1328 chal
1625 1309 1698 1328 con-

1533 1342 1689 1373 troversy.
