1803 2887
68 2191 209 2218 Further

68 2230 225 2258 miracles.

288 161 373 200 222
647 160 856 202 Historia
887 160 1191 203 Ecelesiccstica
1387 168 1470 209 [Lm.
1488 170 1543 201 1V.

287 275 491 325 Torctgyd
505 275 527 323 ¹,
546 289 648 326 quae
668 276 813 314 multis
834 274 915 314 iarn
935 277 1055 314 annis
1074 278 1117 314 in
1134 277 1276 315 eodem
1297 277 1547 315 monasterio

289 343 548 389 commorata,
593 344 632 379 et
672 342 759 391 ipsa
797 355 957 391 semper
994 343 1037 379 in
1077 343 1192 380 omni
1230 342 1465 380 humilitate
1502 356 1547 380 ac

290 406 524 445 sinceritate
540 408 626 444 Deo
646 407 798 445 seruire
819 408 1030 457 satagebat,
1049 410 1090 446 et
1110 408 1288 446 adiutrix
1309 408 1547 457 disciplinae

289 473 485 522 regularis
516 472 649 510 eidem
684 473 807 510 matri
841 474 1024 521 existere,
1056 474 1238 511 minores
1267 474 1448 511 docendo
1479 474 1546 511 uel

291 538 527 586 castigando
549 538 723 576 curabat.
784 538 910 576 Cuius
930 540 975 576 ut
995 538 1138 585 uirtus,
1163 539 1276 576 iuxta
1299 538 1541 587 apostolum,

290 604 334 640 in
354 603 597 640 infirmitate
620 603 892 652 perficeretur,
910 605 1016 641 tacta
1036 605 1097 641 est
1117 606 1284 652 repente
1305 604 1547 652 grauissimo

292 669 472 716 corporis
505 669 659 716 morbo,
690 670 730 706 et
761 683 833 718 per
865 682 995 706 annos
1024 669 1160 707 VIIII
1191 670 1258 717 pia
1288 669 1548 707 Redemtoris

292 733 422 771 nostri
452 734 686 782 prouisione
714 735 895 772 inultum
925 734 1119 783 fatigata3
1149 734 1340 772 uidelicet
1359 736 1416 782 ut,
1441 734 1546 783 quic-

293 800 390 849 quid
423 799 467 837 in
498 812 544 837 ea
583 799 676 837 uitii
705 800 953 837 sordidantis
983 801 1092 837 inter
1130 799 1305 838 uirtutes
1338 813 1410 848 per
1439 800 1549 849 igno-

292 865 469 903 rantiam
502 865 569 902 uel
601 865 803 903 incuriam
833 865 1058 913 resedisset,
1093 867 1229 903 totum
1258 865 1333 902 hoc
1362 866 1549 904 caminus

293 931 476 969 diutinae
496 931 773 969 tribulationis
792 933 1042 980 excoqueret.
1104 931 1217 969 Haec
1237 930 1353 980 ergo2
1374 931 1549 979 quadam

293 999 412 1034 nocte
441 996 662 1045 incipiente
688 997 935 1045 crepusculo,
960 1009 1119 1046 egressa
1145 996 1194 1033 de
1225 996 1409 1034 cubiculo
1422 996 1445 1044 ³,
1470 1009 1550 1045 quo

294 1062 496 1110 manebat,
523 1063 627 1099 uidit
656 1062 873 1099 manifeste
902 1062 1018 1110 quasi
1048 1075 1193 1110 corpus
1222 1061 1415 1109 hominis,
1440 1062 1549 1111 quod

294 1130 400 1166 esset
421 1128 505 1165 sole
527 1128 683 1175 clarius,
709 1127 880 1165 sindone
900 1127 1138 1165 inuolutum
1164 1128 1208 1164 in
1236 1127 1413 1165 sublime
1439 1127 1546 1174 ferri,

294 1193 449 1231 elatum
486 1193 680 1231 uidelicet
717 1193 767 1231 de
806 1194 939 1240 domo,
982 1193 1026 1230 in
1065 1206 1145 1242 qua
1187 1206 1343 1231 sorores
1382 1206 1551 1242 pausare

294 1259 489 1297 solebant.
536 1259 722 1307 Cumque
742 1258 980 1308 diligentius
999 1260 1240 1306 intueretur,
1262 1272 1341 1307 quo
1363 1259 1552 1296 trahente

296 1325 502 1362 leuaretur
531 1326 720 1362 sursum*
741 1324 850 1372 haec,
876 1338 999 1373 quam
1021 1325 1370 1373 contemplabatur
1399 1324 1553 1373 species

294 1391 472 1440 corporis
502 1389 680 1439 gloriosi,
706 1390 822 1438 uidit,
848 1389 963 1439 quasi
992 1389 1160 1427 funibus
1189 1403 1286 1427 auro
1316 1389 1552 1427 clarioribus

293 1458 338 1495 in
377 1470 552 1506 superna
586 1457 809 1504 tolleretur,
845 1456 972 1494 donec
1010 1456 1131 1494 caelis
1164 1456 1400 1505 patentibus
1433 1457 1555 1494 intro-

299 1524 429 1570 ducta,
454 1522 631 1571 amplius
650 1522 700 1560 ab
720 1522 792 1559 illa
811 1521 940 1559 uideri
968 1535 1050 1559 non
1072 1521 1216 1571 potuit.
1277 1521 1360 1559 Nec
1381 1521 1553 1559 dubium

298 1588 498 1626 remansit
518 1587 713 1636 cogitanti
733 1587 782 1624 de
810 1587 976 1634 uisione,
1003 1587 1104 1635 quin
1123 1587 1272 1636 aliquis
1296 1587 1345 1625 de
1372 1587 1443 1625 illa
1464 1600 1554 1624 con—

296 1654 529 1704 gregatione
568 1655 688 1692 citius
727 1656 832 1691 esset
870 1654 1106 1701 moriturus,
1150 1655 1264 1691 cuius
1303 1654 1441 1691 anima
1482 1666 1555 1702 per

296 1721 412 1768 bona,
456 1733 558 1769 quae
596 1720 769 1768 fecisset,
814 1733 944 1769 opera,
989 1719 1105 1768 quasi
1142 1733 1214 1768 per
1254 1720 1374 1757 funes
1411 1732 1554 1758 aureos

294 1786 470 1824 leuanda
508 1786 615 1823 esset
648 1785 697 1822 ad
736 1785 894 1832 caelos;
938 1785 1043 1833 quod
1078 1797 1120 1822 re
1154 1798 1250 1822 uera
1279 1785 1336 1822 ita
1367 1784 1548 1834 contigit.

297 1852 404 1890 Nam
424 1865 509 1889 non
529 1851 673 1889 multis
693 1850 948 1900 interpositis
969 1851 1120 1898 diebus,
1147 1851 1232 1888 Deo
1254 1850 1401 1888 dilecta
1423 1852 1554 1888 mater

296 1917 623 1966 congregationis
662 1917 800 1965 ipsius,
844 1917 1045 1966 ergastulo
1084 1916 1215 1954 carnis
1254 1916 1425 1954 educta⁵
1463 1918 1552 1963 est;

295 1984 411 2021 cuius
442 1984 568 2021 talem
598 1983 723 2020 fuisse
755 1984 913 2020 constat
947 1982 1087 2029 uitam,
1119 1984 1165 2019 ut
1198 1995 1331 2029 nemo,
1364 1981 1435 2030 qui
1464 1992 1571 2019 eam·

296 2049 469 2096 nouerit,
496 2049 680 2086 dubitare
709 2048 863 2096 debeat,
893 2048 993 2097 quin
1024 2047 1060 2085 ei
1090 2047 1257 2086 exeunti
1287 2048 1336 2086 de
1366 2047 1440 2086 hac
1469 2048 1555 2085 uita

296 2115 481 2153 caelestis
500 2115 653 2163 patriae
673 2114 850 2162 patuerit
869 2113 1089 2162 ingressus.

351 2181 403 2218 ln
431 2181 575 2218 eodem
604 2193 764 2228 quoque
790 2178 1038 2216 monasterio
1065 2179 1263 2227 quaedam
1290 2179 1375 2216 erat
1403 2177 1557 2215 femina

296 2245 629 2293 sanctimonialis,
648 2247 688 2282 et
708 2245 757 2282 ad
779 2244 928 2282 saeculi
954 2242 958 2293 l
984 2243 1107 2281 huius
1124 2243 1369 2293 dignitatem
1390 2243 1551 2291 nobilis,

297 2314 337 2349 et
366 2311 409 2348 in
439 2324 576 2349 amore
605 2310 734 2347 futuri
765 2309 915 2347 saeculi
949 2309 1151 2356 nobili0r3
1190 2322 1293 2358 quae
1326 2309 1383 2346 ita
1411 2309 1558 2347 multis

296 2378 378 2415 iam
404 2377 524 2414 annis
545 2375 659 2414 omni
679 2375 854 2425 corporis
883 2375 1015 2413 fuerat
1041 2375 1171 2413 officio
1198 2375 1404 2423 destituta,
1430 2376 1476 2413 ut
1504 2387 1557 2412 ne

340 2541 349 2559 ¹
373 2543 477 2572 troct-
494 2541 525 2571 N
543 2551 550 2579 ;
572 2540 741 2580 torchgyb
759 2540 784 2571 C
802 2551 809 2579 ;
831 2540 942 2571 torht—
960 2540 1001 2571 B.
1097 2538 1109 2556 2
1131 2541 1228 2570 enim
1245 2540 1304 2572 Ml.
1407 2538 1418 2556 ³
1443 2540 1558 2571 cubilo

297 2594 346 2633 N;
375 2604 424 2633 ep.
442 2603 476 2633 p.
496 2603 570 2632 193,
588 2594 671 2624 note
684 2591 704 2625 ².
796 2591 807 2609 ⁴
831 2602 972 2624 rursum
989 2593 1028 2624 B.
1048 2592 1082 2624 C.
1103 2592 1144 2624 D.
1162 2592 1220 2624 &c.
1309 2592 1321 2610 ⁵
1342 2592 1494 2623 deducta
1510 2592 1552 2623 N.

1571 352 1610 380 cf.
1628 352 1700 381 Act.

1571 400 1624 421 XX.
1645 402 1684 429 19.

1572 622 1586 640 2
1602 613 1671 642 Cor.
1684 612 1739 642 xii.

1571 662 1598 689 9·

1578 2249 1600 2281 f.
1617 2252 1649 2287 78
1664 2250 1694 2280 b.
