1803 2887
100 1262 246 1290 Reaches

100 1302 207 1329 Rome.

96 2176 238 2203 Returns
253 2179 286 2203 to

95 2215 212 2248 Lyons.

327 155 413 195 324
687 154 894 196 Historia
924 155 1232 198 Ecclesiastica
1439 164 1526 206 [Lm.
1544 167 1584 197 v.

326 271 569 318 Laqdmzam
607 273 898 319 peruenissent,
946 271 1102 310 Uilfrid
1145 285 1167 309 a
1207 273 1371 319 Dalfino
1418 273 1589 311 ciuitatis

329 337 500 384 episeopo
547 336 605 373 ibi
643 338 828 374 retentus
875 338 945 384 est,
989 337 1239 375 Benedictus
1282 339 1471 386 coeptum
1512 337 1591 376 iter

329 401 491 438 nauiter
520 401 696 438 Romam
726 414 855 450 usque
886 402 1102 450 conpleuit.
1165 402 1450 440 Delectabatur
1479 403 1590 440 enim

329 466 502 504 antistes
535 467 753 514 prudentia
786 466 1007 504 uerborum
1046 466 1219 514 iuuenis,
1259 467 1389 516 gratia
1422 468 1589 505 uenusti

329 531 483 577 uultus,
509 532 719 569 alacritate
743 532 926 576 actionis,
950 534 991 569 et
1020 532 1249 570 constantia
1277 545 1322 570 ac
1350 533 1588 570 maturitate

329 596 598 645 cogitationis.
660 597 783 634 Unde
818 598 858 634 et
897 599 1037 644 omnia,
1077 611 1179 646 quae
1215 610 1365 635 neeesse
1397 597 1583 646 habebat,

329 663 609 700 habundanter
644 662 724 711 ipsi
762 675 855 700 cum
897 662 1041 700 sociis¹
1082 662 1178 710 suis,
1215 662 1411 712 quamdiu
1450 675 1588 701 secum

329 729 453 774 erant,
498 727 702 774 donabat3
746 730 787 765 et
818 728 987 777 insuper
1025 728 1228 775 offerebat,
1273 730 1329 775 ut,
1373 728 1408 766 si
1445 729 1584 776 uellet,

320 796 473 839 partem
507 793 727 831 Galliarum
759 806 843 830 non
881 793 1099 831 minimam
1138 793 1201 830 illi
1239 794 1444 841 reflandam
1481 807 1588 831 com-

328 857 521 905 mitteret,
560 871 604 895 ac
631 859 760 905 filiam
784 860 930 905 fratris
961 858 1024 895 sui
1057 860 1249 907 uirgyinem
1279 859 1343 896 illi
1374 859 1590 908 coniugem

329 924 453 971 daret,
478 936 655 972 eumque
680 924 767 972 ipse
793 923 881 961 loco
911 924 1085 971 adoptiai
1114 937 1276 973 semper
1303 925 1471 962 haberet.
1531 925 1590 962 At

327 988 398 1026 ille
427 989 578 1038 gratias
608 1002 732 1038 agens
761 989 913 1038 pietati,
950 1003 1075 1038 quam
1105 1003 1199 1039 erga
1229 1003 1334 1037 eum,
1361 1003 1454 1027 cum
1484 992 1589 1028 esset

326 1055 576 1103 peregrinus,
600 1055 747 1092 habere
769 1055 1015 1103 dignaretur,
1040 1055 1251 1103 respondit
1270 1055 1526 1104 propositum
1547 1068 1589 1093 se

326 1120 458 1168 magis
478 1120 645 1157 alterius
667 1120 990 1158 conuersationis
1010 1120 1169 1167 habere,
1195 1123 1317 1169 atque
1338 1120 1438 1169 ideo,
1459 1121 1590 1170 patria

327 1185 476 1231 relicta,
503 1186 676 1222 Romam
697 1186 774 1223 iter
794 1198 911 1234 agere
932 1185 1119 1234 coepisse.

381 1250 537 1297 Quibus
570 1251 718 1288 auditis
744 1248 748 1301 Ῑ
774 1250 946 1288 antistes
980 1252 1086 1288 misit
1117 1251 1239 1288 eum2
1273 1252 1460 1299 Romam,
1493 1251 1590 1289 dato

328 1317 422 1353 duee
443 1315 611 1363 itineris,
637 1318 678 1353 et
697 1316 854 1353 cunctis
874 1316 1011 1363 simul,
1037 1329 1140 1365 quae
1160 1317 1380 1354 necessitas
1399 1317 1589 1365 poscebat-

326 1381 497 1428 itineris,
526 1381 696 1430 largiter
724 1381 1073 1429 subministratis;
1104 1381 1319 1419 obsecrans
1345 1382 1499 1430 sedulo⁷
1524 1384 1582 1431 ut,

326 1459 421 1483 cum
442 1446 615 1495 pat-riam
636 1449 909 1495 reuerteretur‚
934 1460 1006 1496 per
1019 1460 1062 1485 se
1082 1447 1159 1484 iter
1170 1447 1299 1484 facere
1314 1447 1582 1487 meminisset.

332 1511 506 1550 Ueaiens
541 1525 637 1549 uero
675 1513 851 1560 Romam,
894 1514 934 1550 et
972 1512 1215 1551 orationibus
1252 1525 1296 1550 ac
1330 1513 1588 1551 meditationi

326 1591 464 1615 rerum
478 1577 850 1632 ecclesffisfflcarunn
868 1579 914 1615 ut
934 1578 1074 1616 animo
1089 1580 1367 1627 proposuerat,
1386 1577 1588 1617 cotidiana

324 1643 581 1691 mancipatus
594 1643 803 1691 instantia,
821 1643 1009 1692 peruenit
1025 1644 1076 1681 ad
1089 1643 1312 1681 amicitiam
1325 1643 1406 1681 uiri
1422 1644 1588 1682 sanctis-

323 1708 419 1745 simi
440 1722 484 1745 ac
498 1708 724 1746 doctissimi
738 1710 761 1756 s‘,
778 1709 974 1757 Bonifatii
987 1709 1179 1746 uidelicet
1199 1709 1460 1747 archidiaconi
1471 1709 1494 1758 ⁴,
1515 1709 1588 1759 qui

323 1773 445 1811 etiam
466 1775 710 1812 consilimius
732 1776 816 1812 erat
831 1774 1042 1823 apostolici
1055 1787 1202 1823 papae;
1224 1774 1339 1812 cuius
1352 1775 1587 1824 magisterio

323 1840 435 1877 IIII
461 1841 752 1888 eaawyele‘orum
773 1839 899 1878 libros
929 1853 978 1877 ex
1008 1840 1149 1878 ordine
1179 1841 1321 1888 didicit,
1347 1842 1586 1890 computum

316 1907 486 1954 paschae
521 1906 809 1954 rationabilem,
853 1908 893 1944 et
932 1907 1011 1945 alia
1047 1908 1182 1955 malla,
1228 1920 1330 1956 quae
1368 1906 1413 1944 in
1454 1907 1585 1956 patria

324 1971 565 2020 nequiuerat
579 1972 601 2019 ⁵,
626 1972 885 2010 ecclesiasticis
911 1971 1124 2020 disciplinis
1148 1972 1418 2020 accommoda,
1442 1973 1587 2010 eodem

323 2037 520 2086 magistro
541 2037 728 2074 tradente
753 2037 958 2086 percepit;
988 2039 1028 2075 et
1058 2050 1152 2074 cum
1177 2050 1325 2076 menses
1350 2037 1505 2086 aliquot
1530 2037 1587 2075 ibi

323 2102 471 2139 studiis
490 2104 707 2151 occupatus
726 2102 914 2139 felicibus
930 2102 1128 2151 exegisset
1137 2103 1159 2150 ⁶,
1176 2103 1299 2140 rediit
1311 2103 1361 2140 ad
1374 2104 1585 2150 Dalfinum

323 2167 366 2204 in
407 2169 593 2215 Galliam,
638 2172 673 2205 et
708 2169 793 2205 ΙΙΙ
834 2181 957 2206 annos
1002 2168 1108 2216 apud
1157 2180 1253 2205 eum
1294 2169 1581 2216 commoratus,

323 2233 511 2271 adtonsus
532 2235 594 2270 est
609 2233 659 2271 ab
676 2247 734 2281 eo,
755 2235 795 2270 et
811 2233 854 2270 in
871 2235 987 2271 tanto
1004 2233 1171 2271 habitus
1183 2246 1332 2280 amore,
1353 2234 1399 2271 ut
1412 2234 1585 2272 heredem

322 2298 401 2335 sibi
424 2300 533 2336 fillum
559 2299 689 2336 facere
715 2300 920 2347 eogyitasset
934 2299 958 2337 ⁷.
1018 2298 1097 2336 Sed
1127 2312 1179 2335 ne
1208 2298 1285 2335 hoc
1314 2298 1404 2336 fieri
1431 2301 1578 2348 posset,

323 2363 497 2401 antistes
530 2364 684 2401 crudeli
718 2365 851 2401 morte
884 2365 1120 2413 praereptus
1155 2365 1227 2412 est,
1263 2366 1304 2401 et
1342 2364 1493 2402 Uflfrid
1533 2365 1582 2403 ad

323 2442 418 2467 suae
451 2429 597 2478 potius,
641 2430 716 2467 hoc
751 2431 813 2467 est
851 2429 1097 2479 Anglorum,
1137 2430 1265 2477 yemis
1304 2429 1583 2479 episcopatum

368 2528 376 2545 ¹
399 2527 487 2558 socis
504 2527 548 2558 M.
626 2525 638 2543 ²
660 2525 763 2557 ‘eum'
780 2527 881 2558 misit
898 2527 945 2558 M.
1023 2526 1035 2544 ³
1057 2526 1148 2558 doct.
1164 2537 1204 2557 ac.
1222 2529 1333 2558 sanct.
1352 2527 1398 2559 M.
1476 2526 1487 2544 ⁴
1511 2528 1584 2558 -nis

324 2580 359 2610 M
376 2589 384 2618 ;
408 2580 475 2609 -nii
493 2579 532 2610 N.
656 2578 668 2596 ⁵
691 2580 845 2618 -quierat
861 2579 921 2610 M¹.
1033 2579 1045 2597 ⁶
1068 2579 1159 2618 exig·
1177 2578 1224 2610 M.
1328 2577 1341 2596 ⁷
1365 2579 1470 2609 -taret
1486 2578 1524 2610 C.
1540 2579 1582 2610 N.

1612 279 1745 314 Effllius,
1795 320 1797 326 Ι

1612 327 1638 348 c.
1655 328 1683 353 4.
1795 327 1797 332 ’

1611 1256 1633 1285 f.
1652 1265 1698 1292 115
1712 1258 1739 1285 b.
1785 1292 1787 1301 ζ

1611 1522 1653 1551 ib.
1671 1531 1696 1551 e.
1712 1531 1736 1557 5.
1782 1559 1783 1570 ¹

1609 2179 1650 2208 ib.
1667 2189 1693 2209 c.
1710 2181 1735 2209 6.
1773 2189 1775 2221 ,ᾗ
