1803 2887
44 428 144 455 Peace
159 427 226 455 and

43 467 226 502 prosperity

44 507 150 534 under

45 546 169 573 Edwin.

61 2484 171 2512 Letter
186 2483 222 2510 of

62 2523 227 2551 Honorius

275 176 356 215 118
633 174 682 215 H
684 174 840 216 istoria,
870 174 1177 217 Ecclesiastica
1384 184 1470 225 [Lm.
1491 187 1532 217 11.

272 301 317 325 ac
346 286 527 325 nobilem
557 286 601 324 in
631 287 794 325 Christo
828 288 868 325 et
898 287 966 325 in¹
997 287 1172 335 ecclesia,
1212 287 1282 337 qui
1315 288 1365 326 ad
1396 290 1535 326 nostra

274 366 403 402 usque
423 354 608 401 tempora
627 352 865 401 permansit.

328 418 460 456 Tanta
487 419 626 455 autem
656 431 702 454 eo
732 419 915 466 tempore
942 431 1019 466 pax
1043 417 1086 454 in
1119 417 1334 465 Brittania,
1366 431 1537 467 quaqua-

275 497 441 521 uersum
478 482 701 532 imperium
740 483 844 532 regis
882 482 1076 520 AEduini2
1116 486 1369 532 peruenerat,
1412 484 1537 522 fuisse

275 549 523 597 perhibetur,
549 550 605 595 ut,
631 549 736 586 sicut
763 562 892 597 usque
915 548 1038 585 hodie
1067 548 1111 585 in
1137 549 1351 597 prouerbio
1372 549 1532 595 dicitur,

276 614 398 652 etiam
428 613 463 651 si
492 613 644 651 mulier
672 627 754 651 una
787 627 882 651 cum
913 627 1052 651 recens
1086 616 1181 652 nato
1210 615 1381 663 paruulo
1410 615 1536 652 uellet

275 681 405 717 totam
429 679 712 728 perambulare
736 679 915 716 insulam
944 693 967 716 a
995 679 1099 716 mari
1124 679 1174 716 ad
1201 692 1322 727 mare,
1349 680 1465 717 nullo
1495 693 1537 717 se

276 745 438 782 ledente
458 745 623 782 ualeret.
676 745 855 782 Tantum
877 758 946 781 rex
967 744 1075 781 idem
1098 745 1267 782 utilitati
1288 758 1383 782 suae
1403 745 1538 795 gentis

277 811 496 857 consuluit,
522 812 567 847 ut
588 810 794 858 plerisque
814 810 857 846 in
879 810 987 856 locis,
1005 809 1075 847 ubi
1095 810 1229 848 fontes
1249 810 1405 848 lucidos
1424 811 1539 848 iuxta

277 875 461 924 puplicos
480 875 640 913 uiarum
662 875 862 913 transitus
882 875 1103 924 conspexit,
1128 875 1184 913 ibi
1211 876 1261 913 ob
1282 876 1537 926 refrigerium

277 941 492 989 uiantium,
537 941 680 978 erectis
718 940 936 989 stipitibus,
979 954 1116 978 aereos
1163 954 1303 979 caucos
1342 942 1539 990 suspendi

277 1006 444 1054 iuberet,
485 1020 618 1055 neque
651 1007 726 1044 hos
758 1006 984 1055 quisquam,
1020 1006 1100 1043 nisi
1130 1006 1180 1044 ad
1214 1019 1336 1044 usum
1363 1020 1540 1045 necessa·

280 1074 398 1119 rium,
439 1072 672 1121 contingere
706 1085 800 1120 prae
838 1071 1122 1120 magnitudine
1156 1071 1224 1109 uel
1255 1072 1416 1110 timoris
1453 1072 1541 1110 eius

279 1138 455 1185 auderet,
492 1138 560 1175 uel
593 1137 744 1174 amoris
782 1137 920 1175 uellet.
982 1138 1161 1175 Tantum
1199 1151 1296 1175 uero
1334 1138 1379 1175 in
1417 1151 1541 1187 regno

279 1203 542 1240 excellentiae
563 1203 717 1250 habuit,
743 1205 789 1240 ut
811 1216 894 1240 non
920 1203 1054 1240 solum
1081 1203 1124 1240 in
1150 1217 1288 1252 pugna
1307 1205 1401 1241 ante
1420 1204 1541 1241 illum

282 1269 430 1306 uexilla
463 1270 729 1318 gestarentur,
764 1269 833 1305 sed
866 1271 906 1306 et
940 1271 1122 1318 tempore
1152 1269 1260 1318 pacis
1290 1270 1543 1318 equitantem

281 1335 388 1372 inter
425 1334 610 1371 ciuitates
649 1334 735 1371 siue
774 1334 895 1371 uillas
932 1336 1003 1372 aut
1042 1334 1272 1383 prouincias
1314 1347 1407 1372 suas
1448 1348 1543 1372 cum

282 1399 495 1446 ministris,
523 1412 685 1448 semper
713 1400 947 1437 antecedere
974 1400 1146 1449 signifer
1176 1402 1434 1448 consuesset3
1469 1413 1543 1437 nec

283 1479 366 1503 non
393 1467 433 1502 et
462 1466 677 1503 incedente
706 1465 778 1502 illo
802 1465 974 1503 ubilibet
997 1479 1070 1514 per
1095 1466 1259 1514 plateas,
1285 1465 1389 1503 illud
1417 1478 1545 1515 genus

283 1531 434 1578 uexilli,
470 1531 577 1579 quod
608 1531 785 1568 Romani
812 1531 955 1578 tufam,
983 1531 1113 1581 Angli
1142 1531 1350 1580 appellant
1380 1531 1540 1579 thuuf²³,

283 1600 379 1635 ante
399 1610 494 1634 eum
514 1596 613 1633 ferri
632 1596 796 1634 solebat.

768 1682 887 1721 CAP.
922 1682 1063 1720 XVII.

353 1773 388 1800 Ut
406 1772 481 1799 [dem
500 1772 537 1799 ab
553 1771 687 1799 Honorio
698 1779 781 1806 papa
798 1771 1015 1799 exhortam-[as-
1030 1772 1144 1799 Iitferas
1158 1773 1308 1809 acceperit,
1328 1772 1381 1807 qni
1396 1773 1488 1800 etiam

706 1823 979 1858 Panlz'noparlz'um
998 1825 1123 1852 mis-erit.

364 1888 367 1939 ἱ
395 1890 486 1937 QUO
507 1891 690 1937 tempore
711 1888 990 1937 praesulatum
1016 1890 1122 1927 sedis
1142 1889 1384 1938 apostolicae
1404 1890 1546 1927 Hono-

288 1956 370 1993 rius
412 1955 611 1992 Bonifatii
652 1967 857 1992 successor
898 1954 1082 2002 habebat,
1137 1955 1217 2004 qui,
1267 1955 1339 1992 ubi
1381 1957 1547 2005 gentem

288 2020 726 2070 Nordanhymbrorum
758 2033 852 2057 cum
883 2033 955 2058 suo
988 2033 1079 2070 rege
1108 2021 1157 2058 ad
1181 2020 1307 2058 fidem
1337 2020 1549 2058 confessio-

289 2100 465 2135 nemque
486 2085 651 2133 Christi,
672 2085 848 2123 Paulino
861 2085 1179 2134 euangelizante,
1200 2099 1438 2124 conuersam
1461 2099 1549 2123 esse

288 2152 440 2199 didicit,
476 2151 588 2188 misit
620 2151 753 2188 eidem
787 2151 961 2188 Paulino
995 2151 1191 2200 pallium3
1241 2151 1356 2189 misit
1391 2153 1431 2189 et
1465 2151 1549 2201 regi

289 2217 492 2254 AEduino⁴
517 2217 676 2254 litteras
702 2216 1005 2263 exhortatorias,
1036 2218 1203 2265 paterna
1232 2216 1353 2253 illum
1383 2216 1548 2253 caritate

289 2283 523 2330 accendens,
549 2283 595 2319 ut
621 2282 665 2319 in
692 2281 773 2319 fide
795 2281 991 2328 ueritatis,
1017 2295 1141 2330 quam
1164 2283 1400 2330 acceperant
1413 2282 1436 2329 ⁵,
1460 2295 1548 2330 per-

290 2348 430 2385 sistere
460 2361 620 2396 semper
649 2361 693 2385 ac
720 2347 913 2396 proficere
943 2349 1129 2384 curarent
1143 2347 1164 2385 ⁶.
1228 2347 1412 2395 Quarum
1442 2347 1549 2385 uide-

291 2414 384 2451 licet
405 2413 635 2450 litterarum
656 2413 732 2450 iste
753 2415 812 2450 est
833 2413 929 2450 ordo
947 2427 954 2450 :

356 2480 522 2517 Donzmo
569 2480 872 2517 excellentifflhm
919 2482 1030 2526 atquc
1068 2479 1424 2526 praecellentissimo
1464 2479 1550 2526 filio

335 2564 343 2581 ¹
370 2566 406 2595 in
425 2576 482 2595 om.
502 2565 547 2595 M.
616 2564 627 2581 ²²
651 2565 799 2595 eduuini
825 2565 874 2602 C;
901 2565 1024 2595 eduini
1043 2565 1082 2595 B.
1173 2563 1185 2580 ³
1208 2565 1294 2595 thuf
1308 2565 1343 2596 C.
1434 2564 1444 2582 ⁴
1469 2565 1551 2596 edu-

291 2617 375 2648 uino
390 2617 414 2648 C
429 2628 437 2655 ;
454 2617 584 2647 eduino
602 2617 642 2648 B.
732 2617 743 2634 ⁵
767 2618 835 2647 ·rat
853 2616 903 2647 B2.
1027 2617 1038 2635 ⁶
1061 2618 1128 2647 -ret
1147 2616 1200 2647 ΒΞ.

1571 1896 1685 1931 f.41a.
