1803 2887
56 338 78 364 f.
97 347 131 364 20
144 345 172 364 a.

64 1322 149 1349 Hist.

64 1362 170 1388 Anon.

65 1401 100 1435 ξ
115 1402 208 1436 31-38·

698 153 874 192 auctore
904 149 1068 192 Bcceda.
1427 152 1509 192 385

253 264 537 303 benedictione
568 264 796 303 confirmat.
859 264 938 313 Qui
968 265 1078 302 inter
1106 264 1323 303 innumera
1354 278 1514 303 monas-

253 329 347 368 terii
377 331 467 368 iura
500 343 603 378 quae
643 329 817 368 iuuenili
843 329 848 380 Ι
874 343 997 379 sagax
1026 330 1207 367 sollertia
1236 331 1508 379 recuperabat,

253 395 330 432 hoc
350 395 395 432 in
413 395 560 444 primis
579 395 773 433 omnibus
795 395 1032 433 delectabile
1053 398 1093 432 et
1113 395 1346 445 gratificum
1360 394 1370 413 ¹
1392 395 1487 433 fecit
1506 410 1515 444 3

252 461 420 498 sustulit
449 473 538 498 ossa
565 460 832 498 Eostervvini2
852 460 1019 507 abbatis,
1046 473 1148 509 quae
1177 460 1221 497 in
1249 461 1409 509 porticu
1423 462 1434 478 ²'·
1454 461 1516 498 in-

254 539 415 575 gressus
448 526 663 564 aecclesiae
693 525 802 563 beati
832 525 1006 575 apostoli
1041 526 1184 563 Petri4
1217 528 1333 564 erant
1371 526 1513 576 posita,

254 604 414 629 necnon
444 594 483 629 et
505 605 593 629 ossa
614 591 803 640 Sicgfridi
829 591 989 629 abbatis
1017 605 1061 630 ac
1090 592 1278 640 magistri
1308 593 1516 641 quondam

254 656 328 705 sui,
354 670 456 706 quae
475 657 574 695 foris
594 657 814 695 sacrarium
843 658 893 695 ad
915 657 1132 695 meridiem
1152 657 1315 695 fuerant
1335 658 1509 705 condita,

255 725 295 761 et-
321 725 493 772 utraque
520 723 565 760 in
595 736 676 761 una
705 723 822 761 theca
852 723 923 760 sed
953 723 1088 760 medio
1117 723 1271 772 pariete
1300 723 1431 761 diuisa
1461 736 1514 760 re—

255 788 435 836 cludens,
468 788 584 826 intus
622 788 665 826 in
695 789 835 826 eadem
865 788 1056 826 aecclesia
1090 788 1203 826 iuxta
1233 802 1378 837 corpus
1407 789 1515 826 beati

254 854 383 903 patris
421 854 633 892 Benedicti
672 853 910 904 composuit.
983 854 1093 892 Fecit
1137 857 1275 892 autem
1314 855 1411 893 haec
1450 855 1515 892 die

255 919 404 958 natalis
424 919 625 969 Sicgfridi,
650 919 690 957 id
711 921 781 967 est,
806 920 1025 957 undecimo
1044 920 1313 959 kalendarum
1336 921 1516 970 Septem-

255 986 403 1033 brium,
429 998 509 1034 quo
539 985 663 1022 etiam
692 985 756 1022 die
784 985 889 1023 mira
918 986 994 1023 Dei
1022 986 1282 1034 prouidentia
1303 986 1475 1034 contigit
1490 985 1514 1034 ⁵,

256 1054 303 1090 ut,
331 1050 591 1089 uenerandus
614 1051 767 1089 Christi
795 1051 976 1088 famulus
1006 1052 1216 1099 Uitmaerz
1252 1052 1368 1089 cuius
1397 1064 1520 1101 supra

256 1116 526 1154 meminimus
538 1117 561 1163 ⁷,
587 1117 796 1154 excederet
812 1117 834 1163 ⁸,
860 1118 899 1154 et
925 1117 969 1154 in
998 1117 1096 1165 loco,
1126 1117 1196 1155 ubi
1224 1118 1421 1167 praedicti
1450 1117 1518 1155 ab·

257 1182 371 1219 bates
385 1182 397 1200 ⁹
417 1182 530 1231 prius
550 1182 703 1231 sepulti
724 1182 887 1220 fuerant
902 1182 938 1229 ¹⁰,
962 1182 1058 1232 ipse⁷
1085 1183 1155 1232 qui
1175 1196 1317 1221 eorum
1338 1182 1521 1220 imitator

257 1248 398 1295 fuerat,
423 1248 675 1287 conderet-ur.

315 1326 374 1352 21.
410 1314 562 1352 Christi
582 1327 679 1352 uero
705 1313 886 1352 famulus
915 1314 1136 1362 Ceolfticlus,
1161 1316 1207 1352 ut
1237 1315 1518 1364 supradictum

258 1379 331 1425 est,
364 1377 415 1414 ad
444 1377 591 1414 limina
620 1377 834 1414 beatorum
863 1377 1143 1426 apostolorum
1172 1378 1358 1425 tendens,
1392 1378 1518 1426 prius·

259 1456 382 1492 quam
410 1442 481 1480 illo
509 1443 775 1492 peruenisset,
801 1445 934 1480 tactus
963 1443 1206 1481 infirmitate
1231 1443 1341 1481 diem
1373 1444 1517 1482 clausit

257 1509 465 1547 ultimum.
525 1510 766 1546 Pemeniens
804 1522 983 1558 namque
1020 1510 1223 1557 Linqomts
1253 1511 1352 1548 circa
1387 1511 1518 1548 horam

259 1576 334 1613 diei
386 1576 544 1620 tertiam,
599 1575 744 1612 decima
794 1575 919 1622 ipsius
979 1575 1054 1613 diei
1099 1577 1193 1613 hora
1240 1575 1428 1623 onimauit
1471 1576 1523 1614 ad

258 1639 482 1686 Dmninum,
508 1639 548 1675 et
572 1638 745 1675 crastino
772 1638 815 1675 in
843 1639 997 1676 ccclesia
1025 1638 1239 1675 beatorum
1273 1640 1524 1677 Geminorum

261 1707 473 1752 'martyrum
487 1702 513 1721 ¹¹
534 1703 758 1741 honorifice
780 1703 965 1752 sepultus
980 1706 1043 1741 est
1059 1703 1094 1751 ¹²,
1121 1717 1204 1741 non
1222 1704 1358 1741 solum
1374 1704 1525 1753 Anglis

260 1783 406 1819 genere
431 1770 501 1819 qui
526 1770 749 1819 plusquam
769 1771 957 1818 octogyinta
979 1782 1152 1806 numero
1182 1771 1223 1807 in
1250 1771 1332 1807 eins
1360 1769 1524 1806 fuerant

261 1837 451 1882 comitatu,
493 1836 562 1874 sed
595 1837 634 1873 et
670 1837 774 1873 illius
810 1835 890 1872 loci
929 1834 1062 1873 accolis
1092 1847 1166 1883 pro
1201 1835 1406 1872 retardato
1438 1836 1524 1872 tam

262 1901 516 1939 reuerendi¹³
557 1901 666 1939 senis
709 1901 918 1948 desiderio⁷
968 1901 1011 1937 in
1064 1900 1253 1937 lacrimas
1306 1900 1525 1949 luctusque

262 1967 419 2005 solutis.
482 1966 624 2015 Neque
647 1966 759 2004 enim
786 1965 903 2003 facile
930 1965 1149 2014 quisquam
1176 1966 1366 2003 lacrimas
1386 1968 1525 2003 tenere

262 2032 408 2082 potuit,
442 2032 589 2070 uidens
603 2030 628 2050 ¹⁴
656 2032 828 2069 comites
866 2031 998 2080 ipsius
1030 2031 1180 2080 partim
1219 2035 1334 2080 patre
1372 2031 1523 2069 amisso

263 2100 439 2148 caeptum
477 2099 550 2136 iter
588 2110 734 2146 agere3
778 2097 931 2145 partim
969 2098 1129 2134 mutata
1167 2096 1407 2144 intentione,
1445 2109 1523 2146 qua

306 2207 316 2224 ¹
341 2207 493 2238 -fiticum
510 2207 569 2244 HI.
785 2205 796 2222 ²
818 2206 945 2236 -wuini
962 2206 1009 2244 Hl
1027 2216 1034 2243 ;
1059 2206 1179 2236 -uuini
1199 2206 1236 2237 C.
1254 2206 1282 2235 B
1298 2217 1305 2243 ς
1339 2206 1451 2245 -Wyni
1476 2206 1502 2236 F
1517 2217 1524 2243 ;

264 2259 448 2290 eoterwini
465 2260 493 2290 P
508 2269 515 2296 3
539 2259 748 2289 aesteruuini
765 2259 791 2288 δ.
947 2256 958 2273 ³
983 2268 1074 2288 -cum
1094 2258 1121 2288 δ.
1277 2257 1287 2274 ⁴
1312 2258 1403 2297 petri
1421 2268 1479 2288 om.
1497 2259 1525 2289 δ.

265 2311 276 2328 ⁵
300 2312 448 2351 contigit
464 2312 565 2349 mira,
584 2311 642 2342 δερ.
659 2311 702 2341 D.
718 2311 755 2341 P.
769 2311 807 2342 C.
825 2310 866 2341 Β.
882 2310 918 2340 F.
1164 2310 1175 2325 ⁶
1198 2311 1339 2340 witmer
1356 2311 1397 2341 D.
1419 2311 1459 2341 B.
1477 2310 1524 2348 P;

266 2364 437 2394 withmer
460 2364 507 2400 C;
541 2363 721 2402 wythmer
745 2363 793 2400 F;
827 2362 1040 2392 withmerus
1066 2363 1255 2402 postquam
1283 2364 1319 2392 et
1346 2363 1421 2402 ipse
1448 2363 1526 2393 uita

266 2417 442 2447 exciderat
459 2415 651 2446 honorifice
669 2415 827 2454 sepultus
843 2416 894 2445 est
913 2415 940 2446 δ.
1052 2412 1063 2429 ⁷
1088 2415 1189 2445 cuius
1205 2424 1281 2454 sup.
1297 2424 1404 2445 mem.
1421 2425 1480 2445 om.
1499 2415 1526 2445 δ.

265 2470 277 2487 ⁸
299 2467 478 2499 exciderat
495 2469 554 2507 Hl.
571 2470 600 2499 δ.
713 2467 724 2485 ⁹
748 2469 810 2498 -tis
826 2467 867 2498 B.
972 2466 995 2484 ¹⁰
1019 2466 1137 2497 ferant
1155 2467 1193 2498 C.
1298 2465 1322 2482 ¹¹
1345 2469 1381 2497 et
1398 2467 1435 2496 in
1453 2466 1527 2497 loco

269 2545 382 2553 .....
400 2522 601 2560 martyrum
624 2530 684 2552 om.
701 2520 760 2558 H„
777 2521 805 2551 δ.
923 2517 947 2536 ¹²
971 2521 1023 2549 est
1039 2529 1098 2550 om.
1116 2519 1176 2556 H„
1300 2518 1321 2536 ¹³
1346 2520 1415 2550 -dis
1431 2519 1472 2550 B.
1490 2518 1526 2550 F.

267 2573 291 2592 ¹³
314 2573 416 2604 uides
432 2574 474 2605 B.

873 2640 936 2666 CO

1537 275 1692 303 confirms

1538 315 1716 342 Hwaetbert-

1538 363 1573 382 as
1589 354 1695 383 abbot.

1538 667 1656 695 Trans-

1539 707 1645 734 lation
1661 706 1696 733 ot*

1544 746 1746 773 Eosterwine

1539 786 1605 813 and
1613 784 1744 820 Sigfrid.

1539 826 1620 860 Aug.
1637 834 1678 856 22,

1540 867 1598 900 716.

1542 1320 1675 1348 Arrival

1542 1361 1609 1387 and
1624 1360 1725 1387 death

1543 1399 1579 1426 of
1591 1399 1733 1427 Ceoltrid

1542 1442 1575 1466 at
1597 1439 1750 1474 Langres,

1543 1480 1631 1513 Sept.
1649 1488 1690 1513 25,

1547 1520 1603 1554 716.
