1803 2887
70 679 195 707 Grants
209 680 244 706 to

68 718 261 746 fraudulenta

69 766 196 786 monas-

68 797 167 825 teries

68 840 158 864 must
172 837 211 864 be

69 876 218 905 revoked.

295 164 382 203 414
710 160 915 216 Epistola
941 160 1054 202 Beda
1084 159 1146 202 ad

295 277 425 316 nichil
457 290 623 327 prorsus
652 277 900 315 monasticae
929 275 1249 315 conuersationis
1279 274 1496 323 habentia3
1530 287 1552 312 e

296 343 447 392 quibus
466 342 594 380 uelim
615 342 750 392 aliqua
776 343 825 381 de
851 342 1012 380 luxuria
1037 342 1087 380 ad
1108 341 1348 388 castitatem,
1373 341 1422 378 de
1441 339 1551 378 uani-

296 409 380 446 tate
409 408 459 446 ad
487 406 740 455 ueritatem‘,
766 408 815 445 de
840 406 1158 457 intemperantia
1183 405 1341 443 uentris
1366 407 1406 443 et
1435 404 1554 454 gulae

297 473 346 510 ad
363 472 661 510 continentiam
677 474 717 510 et
737 472 934 521 pictatem
950 472 1081 510 cordis
1101 471 1294 520 synodica
1313 470 1555 508 auctoritate

297 537 606 585 transferantur,
643 539 766 587 atque
795 537 840 575 in
874 536 1123 575 adiutorium
1158 535 1266 574 sedis
1300 534 1551 585 episcopalis,

299 616 402 652 quae
422 616 554 652 nuper
573 602 752 641 ordinari
772 602 926 650 debeat,
950 603 1222 641 assumantur.

356 681 371 704 1
385 681 415 706 Ι.
450 668 505 705 Et
526 667 621 717 quia
636 668 872 706 huiusmodi
892 668 1072 705 maxima
1088 669 1128 705 et
1144 665 1323 716 plurima
1341 666 1438 703 sunt
1452 665 1551 712 loca,

298 747 411 782 quae,
441 735 487 770 ut
507 733 633 783 uulgo
654 733 735 771 dici
755 734 869 781 solet,
894 747 1027 782 neque
1052 733 1139 770 Deo
1159 745 1293 780 neque
1317 730 1557 769 hominibus

296 798 415 836 utilia
447 800 555 846 sunt,
590 799 685 848 quia
715 799 908 836 uidelicet
934 812 1068 848 neque
1098 797 1295 847 regularis
1328 796 1556 834 secundum

298 865 434 902 Deum
471 863 627 902 ibidem
661 864 747 903 uita
781 866 979 912 seruatur,
1016 876 1149 912 neque
1180 862 1252 900 illa
1284 861 1439 899 milites
1469 860 1557 899 siue

298 929 470 967 comites
500 930 748 968 secularium
781 931 1044 980 potestatum,
1074 927 1145 978 qui
1176 929 1343 977 gentem
1372 927 1557 964 nostram

298 1008 321 1032 a
339 995 521 1034 barbaris
542 996 774 1044 defendant,
793 995 1006 1045 possident
1024 1009 1032 1042 ;
1062 995 1096 1031 si
1112 993 1203 1043 quis
1222 993 1266 1031 in
1283 992 1437 1030 eisdem
1456 991 1558 1040 ipsis

299 1060 399 1098 locis
418 1074 493 1110 pro
513 1061 756 1099 necessitate
775 1063 1011 1110 temporum
1035 1060 1173 1097 sedem
1193 1058 1447 1108 episcopatus
1467 1070 1557 1094 con·

299 1126 445 1168 stituat
459 1126 482 1175 ²,
521 1140 606 1164 11011
644 1126 807 1176 culpam
841 1124 1198 1175 praeuaricationis
1230 1125 1448 1170 incurrere,
1487 1122 1555 1160 sed

301 1205 402 1241 opus
417 1192 587 1231 uirtutis
602 1192 733 1241 magis
748 1205 865 1241 agere
880 1190 1129 1240 probabitur.
1173 1189 1386 1237 Quomodo
1412 1187 1416 1239 Ι
1443 1188 1555 1226 enim

299 1257 343 1295 in
359 1259 571 1307 peccatum
586 1257 765 1306 reputari
782 1258 925 1306 potest,
945 1256 980 1294 si
995 1255 1148 1294 iniusta
1161 1255 1395 1304 principum
1410 1252 1558 1292 iudicia

299 1326 410 1361 recto
446 1322 666 1361 meliorum
699 1322 936 1372 principum
970 1323 1156 1359 examine
1190 1321 1473 1370 corrigantur;
1513 1331 1558 1356 ac

300 1389 478 1426 mendax
507 1388 627 1426 stilus
655 1388 880 1426 scribarum
911 1387 1149 1437 iniquorum
1181 1386 1352 1424 discreta
1382 1385 1559 1447 pruden-

301 1455 407 1493 tium
445 1454 700 1492 sacerdotum
730 1453 935 1491 sententIa
968 1453 1161 1501 deleatur,
1196 1465 1241 1489 ac
1275 1451 1483 1500 redigatur
1516 1449 1561 1488 in

302 1520 517 1567 nichilum,
567 1519 683 1557 iuxta
730 1519 965 1568 exemplum
1013 1531 1147 1556 sacrae
1202 1516 1417 1567 hystoriae,
1459 1528 1562 1565 quae

303 1588 491 1634 tempora
519 1598 663 1634 regum
692 1585 798 1622 Iuda
827 1597 850 1622 a
878 1583 1013 1622 Dauid
1042 1585 1082 1621 et
1112 1583 1329 1621 Salomone
1354 1594 1484 1631 usque
1511 1581 1562 1619 ad

303 1651 503 1689 ultimum
542 1649 783 1688 sedechiam
830 1649 1073 1696 describens,
1117 1648 1343 1686 nonnullos
1396 1646 1564 1696 quidem

303 1716 348 1754 in
369 1716 426 1754 eis
446 1716 668 1765 religiosos,
694 1716 765 1753 sed
791 1715 930 1764 plures
949 1714 1139 1764 reprobos
1160 1713 1341 1751 extitisse
1363 1712 1558 1762 designat,

304 1782 546 1831 uicibusque
581 1780 886 1819 alternantibus
919 1793 1029 1818 nunc
1062 1779 1213 1829 impios
1242 1779 1456 1824 bonorum,
1491 1777 1564 1826 qui

304 1849 400 1886 ante
424 1861 466 1885 se
492 1847 667 1895 fuerant,
691 1847 797 1885 facta
823 1847 1046 1896 reprobare,
1070 1859 1181 1883 nunc
1207 1858 1228 1882 e
1252 1843 1414 1882 contra3
1433 1843 1564 1881 iustos

304 1913 540 1963 impiorum,
572 1912 644 1962 qui
681 1926 724 1950 se
756 1913 1072 1962 praecesserant,
1104 1913 1218 1961 gesta
1252 1909 1406 1956 nociua,
1443 1910 1565 1958 prout

305 1979 506 2029 dignum*
535 1980 632 2023 erat,
670 1978 841 2016 iuuante
872 1991 915 2015 se
948 1977 1026 2015 Dei
1055 1977 1213 2026 spiritu,
1247 1989 1319 2024 per
1344 1975 1566 2025 prophetas

306 2046 469 2083 sanctos
497 2057 541 2082 ac
569 2044 798 2082 sacerdotes
824 2043 938 2081 omni
958 2042 1156 2081 instantia
1175 2041 1421 2088 correxisse3
1450 2040 1564 2078 iuxta

306 2110 410 2148 illud
423 2109 532 2147 beati
544 2109 686 2159 Isayae
699 2109 987 2158 praecipientis
999 2110 1120 2157 atque
1134 2107 1307 2145 dicentis
1323 2121 1331 2145 ε
1358 2105 1563 2144 ‘Dissolue

307 2175 600 2224 obligationes⁵
630 2174 908 2213 uiolentarum
938 2173 1319 2212 commutationum.
1390 2172 1565 2209 Dimitte

307 2241 535 2279 confractos
561 2240 606 2277 in
632 2239 928 2287 remissionem,
962 2241 1003 2277 et
1029 2251 1196 2277 omnem
1221 2236 1565 2286 conscriptionem

308 2306 496 2355 iniquam
535 2305 774 2354 disrumpe.’
860 2304 948 2352 Quo
995 2302 1194 2352 exemplo,
1244 2304 1360 2340 tuam
1402 2314 1564 2351 quoque

310 2368 569 2407 sanctitatem
603 2367 718 2405 decet
752 2380 846 2404 cum
880 2365 1068 2415 religioso
1103 2378 1196 2414 rege
1233 2367 1398 2403 nostrae
1428 2363 1564 2413 gentis

309 2433 533 2482 irreligiosa
562 2434 602 2470 et
630 2432 772 2481 iniqua
799 2432 982 2481 priorum
1011 2432 1125 2480 gesta
1150 2431 1271 2480 atque
1301 2429 1450 2479 scripta
1476 2442 1565 2467 con·

352 2542 363 2558 ¹
387 2543 663 2583 temperantiam
681 2541 726 2572 M.
872 2539 884 2557 ²
906 2542 1019 2571 -tuere
1032 2540 1079 2571 H.
1252 2538 1263 2557 ³
1287 2549 1305 2570 e
1322 2538 1498 2570 contrario
1515 2538 1561 2570 M.

310 2595 321 2612 ⁴
345 2595 479 2625 iustum
497 2594 542 2625 M.
704 2594 716 2611 ⁵
737 2592 854 2633 collig-
872 2592 920 2623 M.

1580 1197 1601 1228 f.
1618 1207 1652 1235 93
1666 1206 1693 1227 a.

1583 1388 1624 1417 ef.
1642 1388 1703 1417 Ier.

1585 1428 1651 1457 viii.
1667 1430 1692 1456 8.

1587 2112 1628 2140 Is.
1640 2111 1720 2141 lviii.
1730 2111 1756 2140 6.
1769 2089 1770 2121 3
