1803 2887
250 149 327 180 Cn.
344 145 421 188 111.]
650 138 800 182 Gentis
830 139 1102 194 Angylofrum.
1422 139 1506 180 285

760 307 879 346 CAP.
913 307 996 345 III.

526 408 563 436 Ut
572 407 707 443 puellam
721 408 915 443 languentem
930 408 1042 436 orando
1057 408 1228 436 sanauerit.

302 506 529 544 NARRAUIT
549 506 659 544 idem
680 507 893 545 Bercthun
908 506 919 526 ¹
941 509 981 545 et
1003 506 1114 544 aliud
1136 506 1185 544 de
1204 505 1383 555 praefato
1403 504 1504 543 anti-

247 572 341 610 stite
362 572 606 610 miraculum
627 587 635 611 :
664 573 760 621 quia
774 586 869 611 cum
890 572 1252 611 reuerentissimus
1272 571 1336 608 uir
1351 570 1504 609 Uilfrid

246 639 339 687 post
368 637 539 686 longum
569 639 739 676 exilium
773 639 817 676 in
847 639 1124 688 episcopatum
1154 639 1259 675 esset
1289 635 1505 686 Hagustal-

247 703 385 741 densis
414 703 605 742 ecclesiae
633 707 836 754 receptus,
857 707 897 743 et
926 705 1036 742 idem
1064 704 1284 749 Iohannes,
1313 703 1505 740 defuncto

246 768 354 806 Bosa
376 769 465 807 uiro
494 770 650 808 multae
679 770 908 808 sanctitatis
937 772 976 808 et
1005 768 1264 815 humilitatis,
1293 768 1506 816 episcopus

245 847 320 883 pro
348 848 393 873 eo
421 836 592 873 Eboraci
618 836 877 879 substitutus,
903 835 1065 873 uenerit
1091 834 1178 883 ipse
1203 836 1387 882 tempore
1408 846 1504 882 quo-

247 900 340 938 dam
370 901 419 939 ad
451 901 749 939 monasterium
778 901 991 951 uirginum
1020 901 1065 938 in
1094 900 1193 947 loco,
1238 899 1309 948 qui
1337 902 1506 937 uocatur

246 966 450 1013 Uetadun,
503 966 568 1004 cui
617 969 717 1005 tunc
774 967 1011 1015 Heriburg2
1059 965 1265 1004 abbatissa
1310 964 1499 1013 praefuit.

250 1032 359 1070 ‘Ubi
398 1046 491 1070 cum
534 1032 821 1080 uenissemus,'
855 1032 1002 1081 inquit,
1042 1032 1107 1069 ‘et
1149 1044 1299 1079 magno
1342 1030 1503 1067 uniuer-

246 1111 387 1136 sorum
411 1097 558 1147 gaudio
587 1098 765 1147 suscepti
794 1110 988 1145 essemus,
1012 1097 1213 1135 indicauit
1239 1095 1358 1134 nobis
1386 1095 1503 1133 abba-

246 1164 355 1211 tissa,
387 1163 481 1212 quia
510 1163 710 1212 quaedam
742 1163 791 1201 de
824 1176 998 1201 numero
1029 1163 1251 1212 uirginum,
1288 1175 1388 1211 quae
1418 1163 1503 1199 erat

246 1229 331 1267 filia
368 1229 497 1278 ipsius
542 1228 726 1275 carnalis,
769 1228 1012 1278 grauissimo
1060 1229 1227 1278 langore
1267 1229 1501 1273 teneretur;

247 1294 340 1344 quia
368 1294 631 1332 flebotomata
660 1295 721 1332 est
749 1307 880 1343 nuper
903 1294 947 1331 in
970 1293 1144 1341 brachio,
1173 1296 1214 1331 et
1243 1306 1336 1330 cum
1355 1293 1367 1311 3
1396 1294 1501 1330 esset

244 1360 288 1397 in
319 1359 463 1407 studio,
497 1362 604 1397 tacta
631 1362 691 1397 est
723 1359 965 1397 infirmitate
996 1359 1203 1408 repentini
1233 1357 1394 1405 doloris,
1420 1371 1501 1407 quo

243 1438 339 1462 mox
368 1425 629 1473 increscente,
662 1425 794 1475 magis
818 1427 1033 1475 grauatum
1061 1427 1124 1463 est
1152 1424 1365 1462 brachium
1395 1423 1499 1461 illud

243 1491 517 1537 uulneratum,
560 1504 604 1528 ac
651 1504 817 1529 uersum
859 1491 903 1529 in
946 1494 1151 1528 tumorem
1190 1490 1300 1531 adeo.
1344 1492 1391 1527 ut
1430 1489 1500 1527 uix

242 1556 400 1594 duabus
434 1556 625 1594 manibus
664 1556 943 1606 circumplecti
972 1558 1120 1605 posset,
1158 1556 1326 1604 ipsaque
1364 1555 1502 1592 iacens

241 1622 285 1659 in
306 1621 410 1659 lecto
431 1635 525 1671 prae
546 1622 757 1660 nimietate
778 1622 930 1660 doloris
949 1623 1031 1660 iam
1051 1621 1254 1660 moritura
1274 1621 1494 1659 uideretur.

242 1687 416 1736 Rogauit
437 1701 531 1737 ergo
552 1687 788 1736 episcopum
812 1687 1025 1735 abbatissa,
1053 1689 1100 1725 ut
1120 1687 1275 1725 intrare
1290 1685 1301 1705 ⁴
1323 1688 1372 1724 ad
1393 1699 1495 1733 eam,

240 1765 284 1790 ac
312 1753 552 1790 benedicere
580 1752 696 1790 illam
720 1753 967 1802 dignaretur,
996 1753 1092 1802 quia
1122 1753 1303 1790 crederet
1333 1765 1424 1789 eam
1449 1752 1498 1789 ad

240 1817 568 1856 benedictionem
584 1819 651 1856 uel
667 1820 822 1856 tactum
838 1818 951 1856 illius
967 1832 1064 1856 mox
1081 1818 1230 1855 melius
1246 1817 1493 1855 habituram.

239 1883 504 1933 Interrogans
550 1885 688 1921 autem
726 1884 808 1931 ille,
852 1885 1015 1933 quando
1060 1881 1346 1921 fiebotomata⁵
1394 1885 1499 1921 esset

239 1949 385 1998 puella,
428 1951 467 1986 et
504 1951 550 1986 ut
589 1949 790 1999 cognouit,
829 1950 924 1998 quia
966 1951 1010 1987 in
1044 1949 1142 1987 luna
1176 1951 1329 1998 quarta,
1369 1949 1499 1987 dixit:

245 2013 446 2052 ‘Multum
474 2014 718 2063 insipienter
743 2017 784 2053 et
810 2015 975 2053 indocte
1002 2015 1157 2053 fecistis
1186 2015 1230 2052 in
1256 2015 1355 2052 luna
1380 2015 1499 2052 1111*

239 2079 552 2118 flebotomando.
613 2080 786 2118 Memini
815 2080 925 2118 enim
954 2080 1095 2118 beatae
1125 2080 1345 2118 memoriae
1374 2080 1497 2118 Theo-

240 2145 384 2183 dorum
410 2145 759 2194 archiepiscopum
785 2145 927 2193 dicere,
953 2145 1048 2195 quia
1074 2145 1302 2194 periculosa
1328 2145 1381 2183 sit
1401 2146 1499 2184 satis

239 2210 350 2248 illius
375 2211 572 2260 temporis
595 2210 841 2257 flebotomia,
873 2211 1037 2260 quando
1066 2213 1106 2249 et
1130 2211 1272 2248 lumen
1299 2211 1431 2257 lunae,
1457 2214 1498 2249 et

238 2289 380 2313 reuma
409 2276 549 2313 oceani
576 2275 621 2313 in
651 2277 857 2314 cremento
885 2278 956 2314 est.
1018 2276 1072 2314 Et
1102 2276 1201 2325 quid
1228 2289 1300 2325 ego
1330 2289 1498 2325 possum

238 2341 407 2389 puellae,
438 2341 473 2379 si
501 2341 699 2378 moritura
728 2344 799 2388 est,
833 2341 1019 2380 face1·e‘?'
1076 2342 1135 2379 At
1168 2341 1241 2379 illa
1274 2341 1498 2379 instantius

239 2405 451 2444 obsecrans
487 2420 560 2456 pro
597 2406 691 2454 filia,
730 2420 854 2456 quam
895 2407 1043 2456 oppido
1081 2407 1289 2456 diligebat,
1319 2420 1418 2444 nam
1456 2410 1496 2445 et

283 2507 294 2527 ¹
318 2509 435 2539 berht-
454 2509 488 2540 C.
595 2508 606 2525 ²
629 2510 728 2540 here·
744 2510 781 2540 Β.
803 2510 837 2540 C.
858 2510 898 2540 N.
991 2509 1003 2526 3
1026 2519 1105 2540 cum
1123 2510 1239 2540 adhuc
1258 2509 1292 2541 C.
1394 2509 1405 2527 4
1428 2513 1496 2541 -ret

241 2560 285 2591 M.
304 2560 357 2591 N2.
458 2561 469 2577 ⁵
493 2562 640 2592 -tamata
656 2561 700 2592 M.

1529 510 1672 537 Furthor

1528 550 1686 577 miracles.

1529 599 1573 618 cc.
1590 592 1653 623 3-6.
