1803 2887
294 173 379 214 412
707 170 911 225 Epistola
940 169 1053 212 Becle
1083 169 1144 212 acl

294 288 394 326 anni
450 286 628 337 spatium
680 299 890 336 peragrare
948 284 1218 335 praedicando
1265 284 1336 322 aut
1383 281 1551 320 circuire

295 353 482 401 ualuerit,
539 353 584 390 in
638 365 793 390 nomen
852 351 916 389 sui
962 350 1218 400 praesulatus
1266 347 1545 398 assumpserit,

295 419 393 456 satis
424 417 643 469 exitialbile
675 419 715 456 et
745 417 912 455 sibimet
940 416 1029 466 ipsi,
1063 417 1103 453 et
1132 415 1216 453 illis
1245 413 1420 463 quibus¹
1449 410 1557 451 falso
1575 419 1597 449 f.
1614 429 1648 457 92
1661 428 1689 449 a.

294 481 492 530 praesulis
540 481 710 518 nomine
750 479 956 529 praelatus
1005 480 1075 526 est,
1125 477 1413 526 comprobatur
1461 488 1551 513 con-

296 546 462 584 cinnare
482 546 726 595 periculum.

66 624 129 651 ΑΜ
143 624 179 651 of
190 624 247 651 the
351 622 385 657 9.
421 609 534 646 Haec
553 611 647 646 tuae
673 606 892 655 sanctitati,
917 605 1181 644 dilectissime
1209 604 1391 651 antisteS,
1415 601 1552 652 paucis

66 663 271 697 royalpower
296 673 345 711 de
380 674 614 712 calamitate
648 686 728 723 qua
756 675 894 711 nostra
922 685 1023 722 gens
1051 670 1282 709 miserrime
1311 669 1467 707 laborat
1494 668 1555 706 in-

65 711 196 730 necessa

66 743 116 768 for
130 711 236 769 thery
295 739 476 785 sinuans,
501 739 665 777 obsecro
686 738 853 776 sedulus
865 738 888 786 ²,
914 740 960 776 ut
989 737 1088 775 haec
1117 749 1220 786 quae
1245 734 1552 785 peruersissime

66 779 272 854 ξιὲῗζῗῗςῖἕὲ.
296 804 361 854 agi
381 804 593 854 conspicis,
620 806 822 853 quantum
843 803 966 852 uales,
991 802 1041 840 ad
1062 804 1214 840 rectam
1234 801 1343 838 uitae
1363 812 1552 838 normam

66 859 134 888 ¹⁴⁰³·
295 884 482 908 reuocare
511 870 745 908 contendas.
806 869 945 908 Habes
973 869 1096 916 enim,
1129 870 1176 906 ut
1205 867 1334 914 credo,
1367 867 1552 916 promtis-

295 935 450 973 simum
484 938 571 973 tam
604 935 702 973 iusti
733 935 884 973 laboris
911 934 1153 982 adiutorem,
1189 945 1328 982 regem
1362 931 1554 969 uidelicet

295 1001 559 1039 Ceoluulfum
572 1002 595 1048 ³,
614 1001 685 1050 qui
705 1002 745 1038 et
765 1014 839 1050 pro
858 1000 982 1038 insita
1001 999 1080 1037 sibi
1095 998 1314 1037 dilectione
1329 996 1548 1046 religionis,

296 1067 489 1115 quicquid
517 1067 568 1104 ad
598 1066 783 1116 regulam
813 1065 976 1115 pietatis
1003 1065 1192 1114 pertinet,
1216 1063 1336 1101 firma
1364 1062 1554 1111 protinus

295 1131 526 1169 intentione
555 1131 748 1169 adiuuare
777 1131 943 1178 curabit,
968 1132 1008 1168 et
1037 1129 1218 1167 maxime
1246 1129 1327 1176 illa,
1359 1141 1462 1177 quae
1490 1129 1549 1175 tu,

296 1210 426 1246 quum
442 1197 498 1234 sis
512 1197 768 1246 propinquus
781 1196 893 1234 illius
906 1194 1224 1240 amantissimus,
1239 1194 1347 1232 bona
1362 1192 1548 1242 caeperis,

295 1262 392 1311 ipse,
425 1264 472 1299 ut
509 1262 784 1311 perficiantur,
817 1261 1009 1310 opitulari
1042 1260 1201 1298 curabit
1214 1260 1236 1299 ⁴.
1299 1260 1554 1308 Quapropter

295 1327 424 1365 uelim
455 1327 642 1365 sollerter
670 1327 790 1364 illum
819 1327 1051 1374 admoneas,
1084 1327 1131 1364 ut
1159 1326 1204 1363 in
1234 1324 1377 1363 diebus
1405 1324 1554 1362 uestris

297 1395 452 1431 statum
479 1395 643 1431 nostrae
663 1392 799 1442 gentis
826 1392 1144 1430 ecclesiasticum
1170 1391 1213 1428 in
1241 1390 1402 1438 melius,
1427 1403 1553 1439 quam

296 1459 495 1497 hactenus
533 1458 675 1506 fuerat,
708 1458 934 1496 instaurare
972 1457 1132 1496 curetis.
1195 1457 1311 1505 Quod
1351 1469 1436 1494 non
1475 1455 1554 1493 alio

297 1524 438 1574 magis,
462 1525 509 1562 ut
537 1524 643 1561 mihi
668 1523 842 1571 uidetur,
866 1525 1000 1573 potest
1027 1523 1169 1562 ordine
1194 1522 1343 1572 perfici,
1368 1535 1491 1571 quam
1521 1521 1555 1559 si

296 1590 436 1639 plures
455 1591 619 1627 nostrae
633 1589 748 1639 genti
764 1591 1052 1627 consecrentur
1067 1588 1284 1635 antistiteS,
1303 1587 1555 1637 exemplum-

299 1669 376 1704 que
410 1655 643 1704 sequamini
675 1654 930 1704 legislatoris,
965 1654 1045 1704 qui,
1081 1667 1175 1692 cum
1206 1654 1319 1691 solus
1348 1653 1480 1703 iurgia
1510 1666 1554 1690 ac

297 1721 460 1770 pondus
484 1720 730 1758 Israeliticae
755 1720 886 1770 plebis
909 1721 1109 1758 sustinere
1137 1733 1221 1757 non
1250 1720 1397 1769 posset,
1431 1717 1555 1768 elegit

297 1786 375 1825 sibi
396 1786 538 1824 diuino
562 1785 726 1824 adiutus
753 1786 932 1834 consilio,
957 1788 998 1824 et
1027 1785 1279 1823 consecrauit
1299 1784 1556 1834 septuaginta
1579 1793 1675 1823 Num.
1691 1794 1734 1824 xi.

297 1852 487 1899 seniores,
512 1865 688 1901 quorum
720 1864 815 1889 cura
843 1853 966 1900 atque
989 1850 1168 1889 auxilio⁵
1202 1850 1447 1901 impositum
1477 1849 1555 1887 sibi
1583 1835 1614 1862 ¹⁶
1629 1842 1696 1869 sqq.

297 1931 401 1956 onus
433 1918 539 1955 ferre
572 1917 741 1955 liberius
774 1918 910 1966 posset
921 1919 944 1955 ⁶.
1006 1916 1105 1964 Quis
1139 1916 1250 1954 enim
1284 1930 1369 1954 non
1405 1915 1553 1962 uideat,

298 1985 450 2032 quanto
487 1983 542 2020 sit
579 1982 730 2020 melius
767 1984 853 2020 tam
893 1994 1060 2019 enorme
1098 1982 1260 2030 pondus
1298 1980 1557 2019 ecclesiastici

298 2048 510 2098 regiminis
551 2048 596 2085 in
633 2047 781 2097 plures,
825 2047 896 2097 qui
941 2047 1019 2085 hoc
1063 2046 1353 2096 dispertitun1⁷
1395 2045 1556 2084 facilius

297 2114 442 2161 ferant,
460 2113 600 2161 diuidi,
623 2126 747 2163 quam
768 2126 900 2151 unum
921 2113 997 2151 sub
1017 2113 1133 2160 fasce,
1152 2125 1274 2162 quem
1294 2113 1455 2161 portare
1470 2124 1555 2149 non

297 2179 436 2228 possit,
457 2179 646 2228 opprimi.
691 2178 798 2216 Nam
820 2181 860 2216 et
880 2180 1045 2216 sanctus
1064 2191 1166 2227 papa
1179 2179 1190 2197 ὃ
1211 2177 1442 2226 Gregorius,
1460 2190 1555 2214 cum
1580 2180 1687 2225 Baed3

298 2245 348 2283 de
363 2245 444 2283 fide
464 2246 625 2282 nostrae
644 2244 790 2294 gentis,
807 2258 909 2294 quae
928 2245 1061 2283 adhuc
1080 2244 1218 2282 futura
1234 2245 1274 2281 et
1290 2245 1531 2282 conseruata
1544 2244 1555 2264 ⁹
1580 2221 1621 2248 H.
1632 2221 1668 2248 E.
1678 2228 1748 2250 ΜΦ

298 2312 384 2348 erat
404 2310 448 2347 in
466 2310 641 2355 Christo,
660 2309 710 2347 ad
730 2309 1017 2347 beatissimum
1033 2309 1384 2358 archiepiscopum
1397 2309 1556 2357 Augus-

295 2375 434 2413 tinum
463 2374 603 2413 missis
630 2373 780 2413 litteris
814 2374 1050 2424 disputaret,
1083 2374 1297 2413 duodecim
1328 2374 1372 2412 in
1402 2387 1448 2412 ea
1478 2373 1555 2423 epi-

342 2485 352 2502 ¹
377 2485 519 2515 sibimet
537 2485 622 2524 ipsis
638 2485 768 2524 quibus
785 2485 832 2516 M.
900 2483 913 2502 ²
936 2484 985 2515 -lo
1000 2484 1046 2516 M.
1128 2483 1140 2500 ³
1157 2483 1320 2514 —wulfum
1337 2484 1384 2516 M.
1446 2482 1458 2500 ‘¹
1484 2484 1555 2524 opi-

299 2546 476 2576 tulabitur
493 2545 540 2576 M.
630 2545 642 2564 ⁵
664 2555 726 2585 ope
742 2547 849 2585 atque
865 2545 1013 2576 consilio
1029 2545 1075 2576 M.
1165 2544 1176 2562 ⁶
1198 2545 1310 2584 possit
1326 2545 1373 2576 M.
1463 2543 1475 2562 ⁷
1497 2545 1557 2576 hic

299 2597 531 2638 dispertitum
544 2597 590 2629 M.
679 2597 691 2614 ⁸
714 2607 805 2638 papa
822 2599 965 2629 sanctus
981 2597 1027 2629 M.
1119 2596 1130 2614 ⁹
1154 2598 1295 2628 -uatura
1311 2597 1357 2629 H.
