1803 2887
39 1513 80 1542 ib.
97 1522 122 1542 e.
139 1522 178 1549 57.

0 1826 8 1915 Γ
40 1845 60 1872 f.
80 1855 123 1880 1¹7
137 1845 165 1872 b.

1 1979 8 2061 i
39 2033 79 2061 ib.
98 2042 142 2062 cc.
160 2034 203 2068 58,

38 2081 79 2108 59·

37 2161 76 2188 ib.
94 2170 137 2189 ec.
150 2161 205 2188 60-

237 165 314 195 CAP.
329 160 439 201 X1X.]
635 151 785 193 Gentis
816 149 1087 204 Angylorum.
1406 148 1490 188 329

235 268 386 306 melius
401 267 632 315 habentem,
653 279 698 304 ac
719 267 818 314 loqui
836 265 919 303 iam
938 264 1158 310 ualentem,
1183 262 1299 300 flexis
1319 262 1493 311 genibus

234 335 382 382 yratias
411 333 494 382 egit
524 333 608 370 Deo
638 344 724 370 eam
754 332 940 378 omnibus,
974 329 1045 379 qui
1074 328 1252 374 aderant,
1278 328 1487 375 fratribus.

236 399 291 436 Et
319 411 411 436 cum
440 410 584 447 parum
613 396 902 442 consedissent,
936 408 981 432 ac
1007 394 1056 432 de
1085 392 1273 442 supernis
1302 390 1490 429 iudiciisl

235 463 381 512 trepidi
413 462 550 512 aliqua
580 461 831 499 confabulari
869 459 1107 509 coepissent,
1149 458 1271 496 iussit
1306 456 1492 505 pontifex

235 530 387 566 ceteros
407 528 457 565 ad
484 527 628 565 horam
655 526 802 577 egredi,
827 526 868 563 et
895 525 946 563 ad
974 524 1111 562 Accam
1132 524 1407 572 presbyterum
1436 521 1492 559 ita

233 593 348 642 loqui
366 606 533 630 exorsus
553 593 613 630 est
630 606 638 630 :

293 660 301 677 ⁴
323 660 429 698 Uisz'o
467 657 573 695 mihi
616 657 738 695 modo
780 655 996 694 tremenda
1043 655 1236 702 apparuit,
1279 666 1404 702 quam
1451 654 1492 690 te

234 723 375 761 audire
394 736 437 760 ac
458 723 623 760 silentio
644 724 778 771 tegere
797 721 904 768 uolo,
929 721 1056 758 donec
1076 719 1212 767 sciam,
1238 719 1336 768 quid
1358 719 1407 756 de
1427 731 1493 755 me

233 788 323 826 fieri
343 788 444 826 uelit
470 789 592 826 Deus.
652 786 830 825 Adstitit
858 786 970 823 enim
998 785 1104 822 mihi
1133 784 1300 834 quidam
1329 784 1494 822 candido

234 854 466 903 praeclarus
503 853 657 901 habitu,
700 853 842 890 dicens
880 865 922 889 se
960 852 1223 889 Miclealcclem
1261 863 1347 888 esse
1384 849 1493 887 arch-

233 919 454 968 angelum:
476 919 555 956 “et
585 918 636 956 ob
663 917 780 965 hoc,”
806 917 952 966 inquit,
992 918 1175 954 “missus
1204 928 1308 963 sum,
1333 916 1379 952 ut
1409 918 1442 952 tc
1469 927 1492 951 a

233 986 365 1022 morte
386 997 575 1022 reuocem
591 998 600 1031 ;
628 983 798 1021 donauit
814 983 928 1020 enim
948 981 1025 1020 tibi
1045 981 1249 1019 Dominus
1268 980 1399 1018 uitam
1419 992 1492 1028 per

233 1049 434 1087 orationes
453 1063 498 1087 ac
518 1051 695 1087 lacrimas
721 1048 1017 1097 discipulorum
1043 1060 1088 1085 ac
1117 1046 1292 1084 fratrum
1323 1049 1487 1091 moram,

232 1116 272 1152 et
301 1128 373 1164 per
400 1116 706 1153 ‘intercessionem
738 1114 879 1152 beatae
910 1126 1006 1151 suae
1036 1113 1239 1161 yenetrlcis
1275 1123 1492 1159 semperque

231 1181 399 1228 uirginis
435 1181 603 1218 Mariae.
677 1179 931 1228 Quapropter
969 1178 1058 1216 dico
1102 1177 1189 1225 tibi,
1233 1176 1328 1226 quia
1369 1177 1492 1214 modo

232 1245 398 1294 quidem
419 1245 468 1282 ab
492 1245 733 1282 infirmitate
761 1245 837 1282 hac
857 1245 1055 1283 sanaberis
1070 1257 1082 1290 ;
1114 1243 1184 1280 sed
1205 1246 1374 1290 paratas
1403 1245 1487 1289 esto,

230 1312 322 1358 quia
342 1314 433 1359 post
461 1310 777 1359 quadriennium
806 1311 1019 1347 reuertens
1046 1309 1211 1347 uisitabo
1233 1311 1293 1354 tc;
1316 1309 1492 1355 patriam

230 1389 328 1413 uero
345 1377 589 1424 perueniens,
614 1375 839 1413 maximam
865 1374 1169 1424 possessionum
1198 1376 1363 1420 tuarum,
1389 1385 1492 1421 quae

231 1440 307 1478 tibi
344 1441 502 1479 ablatae
535 1444 641 1489 sunt,
676 1442 907 1490 portionem
945 1439 1123 1488 recipies,
1165 1440 1289 1488 atque
1328 1441 1370 1476 in
1395 1451 1492 1486 pace

231 1507 454 1555 tranquilla
484 1508 608 1544 uitam
639 1506 881 1544 terminabis
897 1506 945 1544 ''.'
1004 1504 1216 1544 Conualuit
1248 1503 1377 1553 igitur
1410 1504 1492 1553 epi-

231 1584 388 1621 scopus,
417 1572 576 1610 cunctis
599 1573 863 1620 qaudam-tibus,
893 1585 937 1609 ac
966 1571 1053 1608 Deo
1083 1569 1232 1619 gratias
1260 1569 1488 1618 agentibus,

231 1638 435 1683 coeptoque
455 1637 592 1673 itincre
613 1635 863 1672 Brittaniam
878 1634 888 1652 ²
910 1633 1036 1672 uenit.

285 1699 420 1737 Lectis
443 1701 582 1737 autem
612 1700 810 1748 epistulis,
836 1712 937 1749 quas
961 1699 1011 1737 ab
1040 1697 1263 1747 apostolico
1292 1710 1396 1746 papa
1425 1697 1491 1735 ad-

230 1766 406 1808 uexerat,
423 1766 633 1803 Bcrctaald
645 1766 657 1785 ³
674 1766 987 1813 archiepiscopus,
1007 1765 1048 1801 et
1063 1763 1247 1802 Aedilrcd
1259 1763 1270 1781 ⁴
1284 1762 1493 1812 quondam

231 1843 308 1875 rex,
343 1832 442 1868 tunc
476 1832 615 1868 autem
646 1830 781 1879 abbas,
817 1829 1096 1868 libentissime
1134 1825 1384 1878 fauerunt31
1422 1827 1493 1876 qui

230 1894 423 1932 uidelicet
453 1895 676 1932 Aedilred⁵
708 1895 882 1933 accitum
915 1894 966 1932 ad
999 1907 1041 1931 se
1073 1893 1348 1940 Coinredumss,
1382 1905 1493 1940 quem

230 1973 303 2009 pro
333 1973 371 1998 se
399 1972 523 2009 regem
550 1960 708 2007 fecerat,
743 1960 922 1998 amicum
953 1959 1141 2008 episcopo
1171 1957 1260 1995 fieri
1288 1957 1418 2007 petiit,
1452 1960 1492 1996 et

230 2025 463 2075 inpetrauit.
525 2026 603 2064 Sed
623 2025 794 2074 Aldfrid
822 2024 1265 2074 Nordanhymbrorum
1296 2036 1366 2060 rex
1396 2036 1492 2061 eum

230 2089 433 2138 suscipere
453 2090 683 2139 contemsit,
701 2103 775 2128 nec
788 2090 912 2139 longo
926 2090 1112 2138 tempore
1128 2087 1334 2137 superfuit
1351 2102 1360 2135 ;
1382 2088 1492 2126 unde

229 2154 386 2193 factum
411 2157 481 2203 est,
502 2157 559 2203 ut,
584 2157 780 2205 regnante
804 2156 946 2194 Osrcdo
961 2155 971 2173 ⁷
994 2154 1079 2191 filio
1100 2153 1200 2201 eius,
1225 2166 1322 2190 mox
1344 2154 1491 2201 synodo

229 2220 335 2258 facta
369 2222 478 2259 iuxta
502 2222 679 2268 fluuium
710 2221 831 2268 Nida,
865 2220 958 2269 post
991 2218 1249 2268 aliquantum
1279 2217 1492 2266 utriusque

230 2285 357 2334 partis
384 2286 634 2334 conflictum,
659 2286 828 2323 tandem
858 2284 1016 2322 cunctis
1044 2283 1280 2321 fauentibus
1308 2282 1353 2319 in
1379 2295 1489 2331 prae-

231 2350 411 2388 sulatum
431 2351 485 2388 sit
504 2364 599 2389 suae
619 2352 807 2400 receptus
828 2349 1028 2388 ecclesiae.
1079 2348 1227 2398 Sicque
1242 2347 1340 2386 1111
1355 2347 1485 2396 annis,

271 2474 282 2492 ¹
306 2476 370 2506 -cis
386 2476 444 2508 M1.
534 2475 545 2492 ²
567 2477 711 2507 -tiniam
728 2477 770 2509 N.
862 2476 873 2494 ³
896 2475 1130 2506 berchtuuald
1148 2475 1183 2506 C.
1283 2472 1294 2490 4
1318 2474 1421 2504 aebil-
1439 2474 1464 2504 C
1483 2485 1490 2512 3

228 2529 312 2573 egdil-
330 2530 373 2561 N.
491 2530 502 2548 ⁵
524 2531 607 2572 egdil-
626 2531 668 2562 N.
789 2529 801 2547 ⁶
824 2541 925 2562 coen·
943 2531 980 2562 C.
997 2531 1027 2561 B
1044 2540 1051 2568 ;
1075 2530 1195 2561 conin-
1213 2529 1255 2560 N.
1377 2527 1389 2546 ⁷
1414 2528 1482 2568 -de,

227 2583 337 2612 altered
354 2584 379 2611 to
396 2581 455 2612 -do
472 2582 497 2612 C
513 2592 520 2620 3
545 2581 595 2612 -di
613 2582 658 2613 M.

1517 1707 1644 1734 Return
1655 1708 1721 1734 and.

1517 1748 1654 1773 restora-

1517 1785 1597 1813 tion.
