1803 2887
28 659 49 687 f.
70 667 115 694 ¹15
129 667 156 686 a.

29 785 70 814 ef.
86 785 156 814 Gal.
176 785 195 813 i.

27 833 163 898 ffdffius,

27 911 53 932 c.
69 912 93 937 3.

222 152 299 183 Cn.
314 146 422 188 XIX]
619 139 773 182 Gentis
802 139 1073 194 Amfionem.
1394 139 1477 180 323

221 256 469 295 salutaribus
497 255 626 294 iussit.
688 255 817 294 Uenit
841 253 960 304 ergo¹
980 255 1030 292 ad
1052 255 1226 293 insulam
1252 253 1480 301 Limlisfio·-

221 334 399 369 nensem,
424 322 562 371 ibique
582 321 880 359 monachorum
908 319 1125 357 famulatui
1149 332 1191 356 se
1219 318 1476 365 contradens,

224 388 443 437 diligenter
477 401 532 433 ea,
571 400 673 436 quae
711 386 960 424 monasticae
999 384 1196 422 castitatis
1233 396 1278 421 ac
1316 383 1480 432 pietatis

223 455 350 500 erant,
375 456 415 491 et
439 453 592 490 discere
617 451 784 489 curabat
808 453 849 489 et
876 463 1002 499 agere.
1064 450 1117 487 Et
1144 449 1238 498 quia
1266 448 1368 486 acris
1394 450 1480 486 erat

222 517 390 566 ingenii,
427 519 561 556 (lisle'ez't
591 517 788 555 citissime
820 517 1006 564 psalmos,
1043 519 1078 553 et
1108 514 1264 563 aliquot
1297 513 1453 551 codices
1471 527 1480 560 3

223 583 402 620 necdum
436 583 604 632 quidem
642 583 849 629 adtonsuS,
893 594 1039 618 uerum
1078 580 1146 627 eis,
1179 592 1282 628 quae
1312 580 1481 616 tonsura,

223 647 397 686 maiores
417 651 525 695 sunt,
556 654 559 698 1
585 648 820 694 uirtutibus,
845 645 1095 683 humilitatis
1121 648 1160 683 et
1187 644 1477 690 oboedientiae,

223 726 310 751 non
335 713 594 751 mediocriter
621 713 869 762 insignitus3
899 712 1065 760 propter
1084 711 1192 760 quod
1215 712 1254 747 et
1280 723 1302 747 a
1328 711 1483 747 seniore·-

224 779 294 818 bus
322 783 356 817 ct
384 781 594 817 coaetaneis
622 779 706 816 suis
734 778 841 815 iusto
871 776 1079 814 colebatur
1107 776 1265 813 affectu.
1328 774 1381 811 In
1403 787 1483 823 quo

223 844 413 882 uidelicet
446 844 693 882 monasterio
727 856 821 880 cum
853 842 1009 890 aliquot
1040 854 1163 879 comos
1191 842 1272 878 Deo
1305 841 1478 887 set-niret,

222 910 514 948 animaduertit
527 909 727 958 paulatim
736 908 975 947 adulescens
988 907 1118 944 animi
1131 906 1295 955 sagacis,
1309 905 1482 942 minime

221 975 446 1024 perfectam
467 988 554 1012 esse
573 974 744 1012 uirtutis
763 974 885 1019 uiam,
905 985 1007 1020 quae
1027 973 1262 1010 tradebatur
1277 984 1299 1009 a
1315 971 1477 1017 Scottis,

221 1042 516 1091 proposuitque
545 1041 684 1079 animo
713 1044 855 1079 uenire
883 1042 1069 1086 Romam,
1104 1041 1143 1077 et
1174 1038 1245 1087 qui
1273 1038 1323 1074 ad
1358 1038 1483 1075 sedem.

222 1107 489 1155 apostolicam
519 1106 625 1144 ritus
658 1106 917 1144 ecclesiastici
948 1107 1035 1144 siue
1068 1102 1376 1142 monasteriales
1407 1115 1484 1139 ser-

222 1174 430 1220 uarentur,
455 1173 602 1210 uidere.
662 1173 779 1220 Quod
801 1186 895 1210 cum
915 1171 1113 1210 fratribus
1139 1169 1318 1215 referret,
1344 1167 1483 1205 lauda-

222 1240 374 1276 uerunt
421 1238 508 1276 eius
551 1239 820 1287 propositum,
864 1250 1041 1287 eumque
1085 1236 1138 1283 id,
1188 1234 1296 1284 quod
1344 1234 1484 1270 mente

223 1303 488 1352 disposuerat,
530 1304 724 1352 perficere
764 1304 1000 1341 suadebant.
1061 1303 1119 1339 At
1158 1300 1227 1338 ille
1267 1298 1485 1336 confestim

223 1369 397 1406 ueniens
430 1370 480 1407 ad
515 1372 693 1418 reffl'nam
730 1370 981 1416 Eanfledam,
1026 1367 1122 1416 quia
1155 1367 1280 1403 notus
1314 1365 1399 1401 erat
1432 1363 1480 1411 ei,

222 1434 390 1483 eiusque
411 1435 581 1472 consilio
600 1449 644 1472 ac
664 1435 868 1484 suffragiis
887 1433 1067 1483 praefato
1080 1432 1212 1469 fuerat
1233 1429 1484 1467 monasterio

223 1500 406 1546 sociatus,
433 1500 628 1538 indicauit
658 1500 695 1538 ei
720 1500 968 1538 desiderium
998 1498 1077 1536 sibi
1106 1498 1239 1535 inesse
1267 1496 1484 1533 beatorum

224 1565 504 1613 apostolorum
541 1565 687 1603 limina
724 1565 947 1614 uisitandi3
998 1562 1337 1622 quae-delectata
1376 1560 1483 1597 bono

224 1630 497 1668 adulescentis
534 1631 752 1680 proposito,
797 1632 902 1669 ‘misit
933 1643 1028 1667 eum
1060 1627 1250 1666 Cantiam
1282 1628 1333 1664 acl
1363 1638 1485 1674 reycm

224 1697 556 1743 Ereonberctumz
583 1696 654 1745 qui
675 1698 760 1734 erat
780 1695 891 1733 filius
911 1694 1109 1733 auunculi
1123 1694 1135 1712 3
1156 1693 1229 1740 sui,
1254 1691 1480 1741 postulans,

224 1764 269 1800 ut
289 1775 384 1799 eum
405 1763 613 1809 honorifice
633 1762 809 1799 Romam
827 1761 1139 1799 transmitteret.
1193 1758 1280 1806 Quo
1300 1760 1486 1806 tempore

225 1827 283 1865 ibi
316 1828 489 1876 gradum
522 1827 896 1877 archiepiscopatus
926 1825 1151 1872 Honorius,
1185 1837 1295 1861 unus
1324 1836 1374 1860 ex
1403 1822 1484 1860 dis-

225 1892 371 1942 cipulis
397 1892 504 1930 beati
522 1906 648 1941 papae
670 1892 866 1941 Gregorii,
891 1891 956 1928 uir
982 1891 1026 1928 in
1056 1890 1179 1928 rebus
1203 1887 1486 1927 ecclesiasticis

225 1958 459 1996 sublimiter
495 1958 714 1996 institutus
752 1957 950 1995 seruabat.
1012 1956 1096 1994 Ubi
1125 1969 1219 1993 cum
1247 1954 1486 2003 aliquandiu

225 2023 459 2061 demoratus
499 2023 739 2061 adulescens
783 2021 913 2060 animi
950 2021 1108 2059 uiuacis
1146 2020 1366 2069 diligenter
1404 2018 1482 2065 his,

225 2091 353 2137 quae⁴
383 2089 634 2138 inspiciebat,
668 2087 870 2126 discendis
899 2100 1063 2136 operam
1093 2087 1217 2133 daret,
1249 2084 1486 2134 superuenit

225 2154 295 2192 illo
342 2155 448 2192 alius
487 2154 735 2201 adulescens,
787 2154 957 2191 nomine
999 2152 1160 2200 Biscop,
1213 2152 1486 2200 cognomento

226 2219 489 2267 Benedictus,
529 2220 578 2257 de
611 2219 811 2258 nobilibus
840 2219 1087 2267 Anglorum,
1124 2217 1294 2266 cupiens
1328 2218 1369 2254 et
1399 2216 1486 2265 ipse

227 2286 402 2323 Romam
422 2285 563 2323 uenire
581 2299 589 2333 ;
620 2285 734 2322 cuius
754 2297 876 2333 supra
896 2283 1179 2321 meminimus.

282 2349 420 2388 Huius
440 2363 536 2399 ergo
557 2350 771 2387 comitatui
799 2362 871 2386 rex
901 2348 1073 2386 sociauit
1094 2347 1334 2394 Uilfridum,
1359 2348 1486 2395 utque

226 2414 348 2453 illum
387 2428 527 2453 secum
565 2416 740 2453 Romam
777 2415 1026 2464 perduceret,
1068 2413 1199 2453 iussit.
1275 2413 1355 2462 Qui
1392 2426 1488 2450 cum

272 2571 280 2588 ¹
306 2572 404 2602 enim
421 2571 455 2602 C.
547 2570 558 2588 ²
581 2572 782 2602 -berchtum
799 2571 838 2602 C.
924 2569 936 2588 ³
960 2571 1131 2601 abunculi
1148 2570 1202 2602 Cl.
1289 2570 1301 2588 ⁴
1324 2570 1387 2610 qui
1404 2570 1452 2602 M.

818 2639 848 2665 Y
869 2639 888 2664 2

1505 263 1555 291 He
1570 266 1680 291 enters

1506 302 1632 330 Lindis-

1505 342 1606 370 farne.

1508 1046 1658 1074 Resolves
1679 1050 1713 1073 to

1507 1095 1547 1121 go
1556 1089 1589 1114 to
1601 1086 1711 1114 Rome.

1509 1765 1667 1801 Sojourns
1679 1766 1714 1792 in

1510 1806 1609 1841 Kent,

1512 2355 1578 2382 and
1593 2356 1628 2382 at

1513 2395 1630 2429 Lyons.
