<?xml version="1.0" encoding="UTF-8"?>
<!DOCTYPE html PUBLIC "-//W3C//DTD XHTML 1.0 Transitional//EN"
    "http://www.w3.org/TR/xhtml1/DTD/xhtml1-transitional.dtd">
<html xmlns="http://www.w3.org/1999/xhtml" xml:lang="en" lang="en">
 <head>
  <title>
</title>
<meta http-equiv="Content-Type" content="text/html;charset=utf-8" />
  <meta name='ocr-system' content='tesseract 3.04.00' />
  <meta name='ocr-capabilities' content='ocr_page ocr_carea ocr_par ocr_line ocrx_word'/>
</head>
<body>
  <div class='ocr_page' id='page_1' title='image "./venerabilisbaeda00bedeuoft_0277.png"; bbox 0 0 1803 2887; ppageno 0'>
   <div class='ocr_carea' id='block_1_1' title="bbox 2 0 52 2887">
    <p class='ocr_par' dir='ltr' id='par_1_1' title="bbox 2 0 52 2887">
     <span class='ocr_line' id='line_1_1' title="bbox 2 0 52 2887; baseline 0 0"><span class='ocrx_word' id='word_1_1' title='bbox 2 0 52 2887; x_wconf 95' lang='lat' dir='ltr'> </span> 
     </span>
    </p>
   </div>
   <div class='ocr_carea' id='block_1_2' title="bbox 40 589 202 625">
    <p class='ocr_par' dir='ltr' id='par_1_2' title="bbox 40 589 202 625">
     <span class='ocr_line' id='line_1_2' title="bbox 40 589 202 625; baseline 0.012 -8"><span class='ocrx_word' id='word_1_2' title='bbox 40 589 41 594; x_wconf 55' lang='lat'>¹</span> <span class='ocrx_word' id='word_1_3' title='bbox 89 590 112 617; x_wconf 89' lang='lat' dir='ltr'>f.</span> <span class='ocrx_word' id='word_1_4' title='bbox 126 599 162 625; x_wconf 86' lang='lat'>30</span> <span class='ocrx_word' id='word_1_5' title='bbox 175 600 202 619; x_wconf 79' lang='lat' dir='ltr'>a.</span> 
     </span>
    </p>
   </div>
   <div class='ocr_carea' id='block_1_3' title="bbox 287 151 1544 206">
    <p class='ocr_par' dir='ltr' id='par_1_3' title="bbox 287 151 1544 206">
     <span class='ocr_line' id='line_1_3' title="bbox 287 151 1544 206; baseline 0.002 -13"><span class='ocrx_word' id='word_1_6' title='bbox 287 163 364 193; x_wconf 64' lang='lat' dir='ltr'>CAP.</span> <span class='ocrx_word' id='word_1_7' title='bbox 382 159 456 201; x_wconf 84' lang='lat' dir='ltr'>IV.]</span> <span class='ocrx_word' id='word_1_8' title='bbox 691 151 842 194; x_wconf 76' lang='lat' dir='ltr'>Gentis</span> <span class='ocrx_word' id='word_1_9' title='bbox 871 151 910 192; x_wconf 90' lang='lat' dir='ltr'><strong><em>A</em></strong></span> <span class='ocrx_word' id='word_1_10' title='bbox 919 152 1140 206; x_wconf 61' lang='lat' dir='ltr'>ngylonant.</span> <span class='ocrx_word' id='word_1_11' title='bbox 1490 154 1544 195; x_wconf 82' lang='lat'>87</span> 
     </span>
    </p>
   </div>
   <div class='ocr_carea' id='block_1_4' title="bbox 283 268 1543 318">
    <p class='ocr_par' dir='ltr' id='par_1_4' title="bbox 283 268 1543 318">
     <span class='ocr_line' id='line_1_4' title="bbox 283 268 1543 318; baseline 0 -10"><span class='ocrx_word' id='word_1_12' title='bbox 283 269 511 308; x_wconf 76' lang='lat' dir='ltr'><strong>beatissimi</strong></span> <span class='ocrx_word' id='word_1_13' title='bbox 539 270 817 318; x_wconf 86' lang='lat' dir='ltr'>apostolorum</span> <span class='ocrx_word' id='word_1_14' title='bbox 854 268 1051 318; x_wconf 88' lang='lat' dir='ltr'>principis</span> <span class='ocrx_word' id='word_1_15' title='bbox 1089 268 1216 315; x_wconf 89' lang='lat' dir='ltr'>Petri,</span> <span class='ocrx_word' id='word_1_16' title='bbox 1252 268 1332 317; x_wconf 86' lang='lat' dir='ltr'>qui,</span> <span class='ocrx_word' id='word_1_17' title='bbox 1372 269 1543 308; x_wconf 80' lang='lat' dir='ltr'>fundata</span> 
     </span>
    </p>
   </div>
   <div class='ocr_carea' id='block_1_5' title="bbox 284 333 1540 382">
    <p class='ocr_par' dir='ltr' id='par_1_5' title="bbox 284 333 1540 382">
     <span class='ocr_line' id='line_1_5' title="bbox 284 333 1540 382; baseline -0.001 -9"><span class='ocrx_word' id='word_1_18' title='bbox 284 335 439 373; x_wconf 84' lang='lat' dir='ltr'>Romae</span> <span class='ocrx_word' id='word_1_19' title='bbox 477 334 643 373; x_wconf 85' lang='lat' dir='ltr'>ecclesia</span> <span class='ocrx_word' id='word_1_20' title='bbox 681 334 844 382; x_wconf 88' lang='lat' dir='ltr'>Christi,</span> <span class='ocrx_word' id='word_1_21' title='bbox 891 334 1148 372; x_wconf 83' lang='lat' dir='ltr'>Clementem</span> <span class='ocrx_word' id='word_1_22' title='bbox 1190 333 1268 371; x_wconf 89' lang='lat' dir='ltr'>sibi</span> <span class='ocrx_word' id='word_1_23' title='bbox 1310 334 1540 372; x_wconf 86' lang='lat' dir='ltr'>adiutorem</span> 
     </span>
    </p>
   </div>
   <div class='ocr_carea' id='block_1_6' title="bbox 255 399 1542 2479">
    <p class='ocr_par' dir='ltr' id='par_1_6' title="bbox 266 399 1542 1825">
     <span class='ocr_line' id='line_1_6' title="bbox 285 399 1542 450; baseline 0 -12"><span class='ocrx_word' id='word_1_24' title='bbox 285 400 601 450; x_wconf 82' lang='lat' dir='ltr'>euangelizandi,</span> <span class='ocrx_word' id='word_1_25' title='bbox 635 399 759 437; x_wconf 88' lang='lat' dir='ltr'>simul</span> <span class='ocrx_word' id='word_1_26' title='bbox 793 401 833 437; x_wconf 87' lang='lat' dir='ltr'>et</span> <span class='ocrx_word' id='word_1_27' title='bbox 862 412 1136 437; x_wconf 74' lang='lat' dir='ltr'>successorem</span> <span class='ocrx_word' id='word_1_28' title='bbox 1168 412 1424 437; x_wconf 73' lang='lat' dir='ltr'>consecrasse</span> <span class='ocrx_word' id='word_1_29' title='bbox 1457 413 1542 449; x_wconf 87' lang='lat' dir='ltr'>per-</span> 
     </span>
     <span class='ocr_line' id='line_1_7' title="bbox 284 464 1541 513; baseline 0 -11"><span class='ocrx_word' id='word_1_30' title='bbox 284 465 458 503; x_wconf 75' lang='lat' dir='ltr'><strong>hibetur.</strong></span> <span class='ocrx_word' id='word_1_31' title='bbox 518 465 764 502; x_wconf 72' lang='lat' dir='ltr'>Laurentius</span> <span class='ocrx_word' id='word_1_32' title='bbox 793 464 1083 513; x_wconf 89' lang='lat' dir='ltr'>archiepiscopi</span> <span class='ocrx_word' id='word_1_33' title='bbox 1109 464 1235 513; x_wconf 83' lang='lat' dir='ltr'>gradu</span> <span class='ocrx_word' id='word_1_34' title='bbox 1265 465 1420 513; x_wconf 85' lang='lat' dir='ltr'>potitus</span> <span class='ocrx_word' id='word_1_35' title='bbox 1447 467 1541 502; x_wconf 84' lang='lat' dir='ltr'>stre-</span> 
     </span>
     <span class='ocr_line' id='line_1_8' title="bbox 284 529 1540 578; baseline 0.001 -11"><span class='ocrx_word' id='word_1_36' title='bbox 284 530 484 567; x_wconf 85' lang='lat' dir='ltr'>nuissime</span> <span class='ocrx_word' id='word_1_37' title='bbox 521 530 792 568; x_wconf 85' lang='lat' dir='ltr'>fundamenta</span> <span class='ocrx_word' id='word_1_38' title='bbox 830 529 1029 577; x_wconf 84' lang='lat' dir='ltr'>ecclesiae,</span> <span class='ocrx_word' id='word_1_39' title='bbox 1066 543 1167 578; x_wconf 83' lang='lat' dir='ltr'>quae</span> <span class='ocrx_word' id='word_1_40' title='bbox 1206 529 1400 567; x_wconf 86' lang='lat' dir='ltr'>nobiliter</span> <span class='ocrx_word' id='word_1_41' title='bbox 1436 530 1540 568; x_wconf 85' lang='lat' dir='ltr'>iacta</span> 
     </span>
     <span class='ocr_line' id='line_1_9' title="bbox 282 592 1534 644; baseline 0.001 -12"><span class='ocrx_word' id='word_1_42' title='bbox 282 595 397 643; x_wconf 87' lang='lat' dir='ltr'>uidit,</span> <span class='ocrx_word' id='word_1_43' title='bbox 409 598 683 644; x_wconf 79' lang='lat' dir='ltr'>augmentare,</span> <span class='ocrx_word' id='word_1_44' title='bbox 701 597 824 643; x_wconf 83' lang='lat' dir='ltr'>atque</span> <span class='ocrx_word' id='word_1_45' title='bbox 838 595 888 632; x_wconf 82' lang='lat' dir='ltr'>ad</span> <span class='ocrx_word' id='word_1_46' title='bbox 901 594 1130 643; x_wconf 84' lang='lat' dir='ltr'>profectum</span> <span class='ocrx_word' id='word_1_47' title='bbox 1157 592 1160 644; x_wconf 59' lang='lat' dir='ltr'>l</span> <span class='ocrx_word' id='word_1_48' title='bbox 1187 595 1314 632; x_wconf 84' lang='lat' dir='ltr'>debiti</span> <span class='ocrx_word' id='word_1_49' title='bbox 1329 595 1534 643; x_wconf 88' lang='lat' dir='ltr'>culminis,</span> 
     </span>
     <span class='ocr_line' id='line_1_10' title="bbox 281 659 1537 709; baseline 0 -11"><span class='ocrx_word' id='word_1_50' title='bbox 281 663 320 698; x_wconf 90' lang='lat' dir='ltr'>et</span> <span class='ocrx_word' id='word_1_51' title='bbox 341 661 479 698; x_wconf 87' lang='lat' dir='ltr'>crebra</span> <span class='ocrx_word' id='word_1_52' title='bbox 499 674 596 698; x_wconf 89' lang='lat' dir='ltr'>uoce</span> <span class='ocrx_word' id='word_1_53' title='bbox 624 662 785 698; x_wconf 85' lang='lat' dir='ltr'>sanctae</span> <span class='ocrx_word' id='word_1_54' title='bbox 812 659 1117 707; x_wconf 72' lang='lat' dir='ltr'>exhortationis,</span> <span class='ocrx_word' id='word_1_55' title='bbox 1144 660 1184 696; x_wconf 88' lang='lat' dir='ltr'>et</span> <span class='ocrx_word' id='word_1_56' title='bbox 1211 660 1418 698; x_wconf 78' lang='lat' dir='ltr'>continuis</span> <span class='ocrx_word' id='word_1_57' title='bbox 1447 661 1537 709; x_wconf 82' lang='lat' dir='ltr'>piae</span> 
     </span>
     <span class='ocr_line' id='line_1_11' title="bbox 279 724 1535 775; baseline 0.001 -12"><span class='ocrx_word' id='word_1_58' title='bbox 279 726 527 775; x_wconf 80' lang='lat' dir='ltr'>operationis</span> <span class='ocrx_word' id='word_1_59' title='bbox 547 726 746 775; x_wconf 89' lang='lat' dir='ltr'>exemplis</span> <span class='ocrx_word' id='word_1_60' title='bbox 771 725 993 774; x_wconf 87' lang='lat' dir='ltr'>prouehere</span> <span class='ocrx_word' id='word_1_61' title='bbox 1014 724 1181 762; x_wconf 85' lang='lat' dir='ltr'>curauit.</span> <span class='ocrx_word' id='word_1_62' title='bbox 1243 725 1431 774; x_wconf 88' lang='lat' dir='ltr'>Denique</span> <span class='ocrx_word' id='word_1_63' title='bbox 1451 739 1535 764; x_wconf 90' lang='lat' dir='ltr'>non</span> 
     </span>
     <span class='ocr_line' id='line_1_12' title="bbox 279 790 1535 841; baseline 0 -12"><span class='ocrx_word' id='word_1_64' title='bbox 279 792 415 829; x_wconf 91' lang='lat' dir='ltr'>solum</span> <span class='ocrx_word' id='word_1_65' title='bbox 449 805 589 840; x_wconf 88' lang='lat' dir='ltr'>nouae,</span> <span class='ocrx_word' id='word_1_66' title='bbox 625 805 727 841; x_wconf 85' lang='lat' dir='ltr'>quae</span> <span class='ocrx_word' id='word_1_67' title='bbox 761 791 810 828; x_wconf 82' lang='lat' dir='ltr'>cle</span> <span class='ocrx_word' id='word_1_68' title='bbox 840 790 991 839; x_wconf 82' lang='lat' dir='ltr'>Anglis</span> <span class='ocrx_word' id='word_1_69' title='bbox 1024 792 1108 827; x_wconf 83' lang='lat' dir='ltr'>erat</span> <span class='ocrx_word' id='word_1_70' title='bbox 1138 790 1315 837; x_wconf 81' lang='lat' dir='ltr'>collecta,</span> <span class='ocrx_word' id='word_1_71' title='bbox 1345 791 1535 829; x_wconf 89' lang='lat' dir='ltr'>ecclesiae</span> 
     </span>
     <span class='ocr_line' id='line_1_13' title="bbox 277 855 1528 906; baseline -0.001 -11"><span class='ocrx_word' id='word_1_72' title='bbox 277 870 417 895; x_wconf 88' lang='lat' dir='ltr'>curam</span> <span class='ocrx_word' id='word_1_73' title='bbox 446 857 622 906; x_wconf 79' lang='lat' dir='ltr'>gerebat,</span> <span class='ocrx_word' id='word_1_74' title='bbox 648 857 717 894; x_wconf 83' lang='lat' dir='ltr'>sed</span> <span class='ocrx_word' id='word_1_75' title='bbox 746 858 786 894; x_wconf 86' lang='lat' dir='ltr'>et</span> <span class='ocrx_word' id='word_1_76' title='bbox 814 858 1003 893; x_wconf 86' lang='lat' dir='ltr'>ueterum</span> <span class='ocrx_word' id='word_1_77' title='bbox 1031 855 1259 893; x_wconf 85' lang='lat' dir='ltr'>Brittaniae</span> <span class='ocrx_word' id='word_1_78' title='bbox 1289 855 1528 906; x_wconf 85' lang='lat' dir='ltr'>incolarum,</span> 
     </span>
     <span class='ocr_line' id='line_1_14' title="bbox 275 920 1534 971; baseline 0.001 -11"><span class='ocrx_word' id='word_1_79' title='bbox 275 935 349 960; x_wconf 87' lang='lat' dir='ltr'>nec</span> <span class='ocrx_word' id='word_1_80' title='bbox 375 936 459 960; x_wconf 90' lang='lat' dir='ltr'>non</span> <span class='ocrx_word' id='word_1_81' title='bbox 486 924 526 960; x_wconf 85' lang='lat' dir='ltr'>et</span> <span class='ocrx_word' id='word_1_82' title='bbox 553 923 798 969; x_wconf 74' lang='lat' dir='ltr'>Scottorum,</span> <span class='ocrx_word' id='word_1_83' title='bbox 823 922 894 971; x_wconf 87' lang='lat' dir='ltr'>qui</span> <span class='ocrx_word' id='word_1_84' title='bbox 914 921 1160 959; x_wconf 83' lang='lat' dir='ltr'>Hiberniam</span> <span class='ocrx_word' id='word_1_85' title='bbox 1186 920 1366 959; x_wconf 87' lang='lat' dir='ltr'>insulam</span> <span class='ocrx_word' id='word_1_86' title='bbox 1388 923 1534 961; x_wconf 89' lang='lat' dir='ltr'>Britta-</span> 
     </span>
     <span class='ocr_line' id='line_1_15' title="bbox 277 986 1534 1037; baseline 0.002 -12"><span class='ocrx_word' id='word_1_87' title='bbox 277 988 368 1025; x_wconf 85' lang='lat' dir='ltr'>niae</span> <span class='ocrx_word' id='word_1_88' title='bbox 388 988 617 1037; x_wconf 81' lang='lat' dir='ltr'>proximam</span> <span class='ocrx_word' id='word_1_89' title='bbox 638 988 836 1035; x_wconf 85' lang='lat' dir='ltr'>incolunt,</span> <span class='ocrx_word' id='word_1_90' title='bbox 861 986 1026 1036; x_wconf 88' lang='lat' dir='ltr'>populis</span> <span class='ocrx_word' id='word_1_91' title='bbox 1046 986 1291 1035; x_wconf 81' lang='lat' dir='ltr'>pastoralem</span> <span class='ocrx_word' id='word_1_92' title='bbox 1312 986 1534 1036; x_wconf 82' lang='lat' dir='ltr'>inpendere</span> 
     </span>
     <span class='ocr_line' id='line_1_16' title="bbox 275 1051 1532 1101; baseline 0.002 -11"><span class='ocrx_word' id='word_1_93' title='bbox 275 1053 596 1091; x_wconf 85' lang='lat' dir='ltr'>sollicitudinem</span> <span class='ocrx_word' id='word_1_94' title='bbox 630 1054 804 1091; x_wconf 85' lang='lat' dir='ltr'>curabat.</span> <span class='ocrx_word' id='word_1_95' title='bbox 867 1052 1081 1101; x_wconf 80' lang='lat' dir='ltr'>Siquidem</span> <span class='ocrx_word' id='word_1_96' title='bbox 1114 1051 1186 1089; x_wconf 87' lang='lat' dir='ltr'>ubi</span> <span class='ocrx_word' id='word_1_97' title='bbox 1220 1051 1454 1090; x_wconf 80' lang='lat' dir='ltr'>Scottorum</span> <span class='ocrx_word' id='word_1_98' title='bbox 1488 1054 1532 1092; x_wconf 88' lang='lat' dir='ltr'>in</span> 
     </span>
     <span class='ocr_line' id='line_1_17' title="bbox 273 1117 1533 1168; baseline 0.002 -13"><span class='ocrx_word' id='word_1_99' title='bbox 273 1119 452 1167; x_wconf 82' lang='lat' dir='ltr'>praefata</span> <span class='ocrx_word' id='word_1_100' title='bbox 490 1120 671 1168; x_wconf 89' lang='lat' dir='ltr'>ipsorum</span> <span class='ocrx_word' id='word_1_101' title='bbox 709 1119 850 1168; x_wconf 84' lang='lat' dir='ltr'>patria,</span> <span class='ocrx_word' id='word_1_102' title='bbox 888 1119 1092 1167; x_wconf 82' lang='lat' dir='ltr'>quomodo</span> <span class='ocrx_word' id='word_1_103' title='bbox 1130 1119 1171 1155; x_wconf 90' lang='lat' dir='ltr'>et</span> <span class='ocrx_word' id='word_1_104' title='bbox 1206 1117 1454 1156; x_wconf 88' lang='lat' dir='ltr'>Brettonum</span> <span class='ocrx_word' id='word_1_105' title='bbox 1489 1119 1533 1158; x_wconf 91' lang='lat' dir='ltr'>in</span> 
     </span>
     <span class='ocr_line' id='line_1_18' title="bbox 273 1184 1533 1234; baseline 0 -13"><span class='ocrx_word' id='word_1_106' title='bbox 273 1184 359 1233; x_wconf 87' lang='lat' dir='ltr'>ipsa</span> <span class='ocrx_word' id='word_1_107' title='bbox 393 1185 608 1232; x_wconf 82' lang='lat' dir='ltr'>Brittania,</span> <span class='ocrx_word' id='word_1_108' title='bbox 651 1185 782 1222; x_wconf 84' lang='lat' dir='ltr'>uitam</span> <span class='ocrx_word' id='word_1_109' title='bbox 821 1198 864 1222; x_wconf 84' lang='lat' dir='ltr'>ac</span> <span class='ocrx_word' id='word_1_110' title='bbox 902 1184 1197 1234; x_wconf 78' lang='lat' dir='ltr'>professionem</span> <span class='ocrx_word' id='word_1_111' title='bbox 1236 1184 1378 1221; x_wconf 87' lang='lat' dir='ltr'>minus</span> <span class='ocrx_word' id='word_1_112' title='bbox 1415 1185 1533 1222; x_wconf 88' lang='lat' dir='ltr'>eccle-</span> 
     </span>
     <span class='ocr_line' id='line_1_19' title="bbox 271 1249 1532 1299; baseline 0 -12"><span class='ocrx_word' id='word_1_113' title='bbox 271 1250 475 1288; x_wconf 88' lang='lat' dir='ltr'>siasticam</span> <span class='ocrx_word' id='word_1_114' title='bbox 496 1251 541 1288; x_wconf 91' lang='lat' dir='ltr'>in</span> <span class='ocrx_word' id='word_1_115' title='bbox 556 1251 702 1288; x_wconf 88' lang='lat' dir='ltr'>multis</span> <span class='ocrx_word' id='word_1_116' title='bbox 717 1264 803 1288; x_wconf 81' lang='lat' dir='ltr'>esse</span> <span class='ocrx_word' id='word_1_117' title='bbox 819 1250 1020 1299; x_wconf 79' lang='lat' dir='ltr'>cognouit,</span> <span class='ocrx_word' id='word_1_118' title='bbox 1038 1249 1216 1287; x_wconf 83' lang='lat' dir='ltr'>maxime</span> <span class='ocrx_word' id='word_1_119' title='bbox 1233 1250 1341 1298; x_wconf 82' lang='lat' dir='ltr'>quod</span> <span class='ocrx_word' id='word_1_120' title='bbox 1361 1250 1532 1298; x_wconf 84' lang='lat' dir='ltr'>paschae</span> 
     </span>
     <span class='ocr_line' id='line_1_20' title="bbox 270 1314 1531 1364; baseline 0 -11"><span class='ocrx_word' id='word_1_121' title='bbox 270 1316 591 1354; x_wconf 84' lang='lat' dir='ltr'>sollemnitatem</span> <span class='ocrx_word' id='word_1_122' title='bbox 630 1330 714 1354; x_wconf 88' lang='lat' dir='ltr'>non</span> <span class='ocrx_word' id='word_1_123' title='bbox 748 1330 820 1353; x_wconf 94' lang='lat' dir='ltr'>suo</span> <span class='ocrx_word' id='word_1_124' title='bbox 855 1318 1039 1364; x_wconf 89' lang='lat' dir='ltr'>tempore</span> <span class='ocrx_word' id='word_1_125' title='bbox 1074 1314 1333 1362; x_wconf 82' lang='lat' dir='ltr'>celebrarent,</span> <span class='ocrx_word' id='word_1_126' title='bbox 1368 1315 1450 1363; x_wconf 86' lang='lat' dir='ltr'>sed,</span> <span class='ocrx_word' id='word_1_127' title='bbox 1484 1318 1531 1354; x_wconf 91' lang='lat' dir='ltr'>ut</span> 
     </span>
     <span class='ocr_line' id='line_1_21' title="bbox 270 1381 1528 1430; baseline 0 -12"><span class='ocrx_word' id='word_1_128' title='bbox 270 1394 393 1430; x_wconf 82' lang='lat' dir='ltr'>supra</span> <span class='ocrx_word' id='word_1_129' title='bbox 419 1382 643 1430; x_wconf 84' lang='lat' dir='ltr'>docuimus,</span> <span class='ocrx_word' id='word_1_130' title='bbox 667 1396 690 1419; x_wconf 87' lang='lat' dir='ltr'>a</span> <span class='ocrx_word' id='word_1_131' title='bbox 716 1382 876 1419; x_wconf 70' lang='lat' dir='ltr'>XHHa</span> <span class='ocrx_word' id='word_1_132' title='bbox 902 1382 1002 1419; x_wconf 90' lang='lat' dir='ltr'>luna</span> <span class='ocrx_word' id='word_1_133' title='bbox 1025 1394 1154 1429; x_wconf 83' lang='lat' dir='ltr'>usque</span> <span class='ocrx_word' id='word_1_134' title='bbox 1174 1381 1224 1418; x_wconf 79' lang='lat' dir='ltr'>ad</span> <span class='ocrx_word' id='word_1_135' title='bbox 1246 1381 1379 1418; x_wconf 76' lang='lat' dir='ltr'>XX²¹¹11</span> <span class='ocrx_word' id='word_1_136' title='bbox 1403 1381 1528 1418; x_wconf 55' lang='lat' dir='ltr'>domi=</span> 
     </span>
     <span class='ocr_line' id='line_1_22' title="bbox 269 1447 1528 1496; baseline 0.002 -13"><span class='ocrx_word' id='word_1_137' title='bbox 269 1447 384 1484; x_wconf 81' lang='lat' dir='ltr'>nicae</span> <span class='ocrx_word' id='word_1_138' title='bbox 412 1447 718 1485; x_wconf 83' lang='lat' dir='ltr'>resurrectionis</span> <span class='ocrx_word' id='word_1_139' title='bbox 739 1448 848 1485; x_wconf 82' lang='lat' dir='ltr'>diem</span> <span class='ocrx_word' id='word_1_140' title='bbox 873 1447 1175 1485; x_wconf 83' lang='lat' dir='ltr'>obseruandum</span> <span class='ocrx_word' id='word_1_141' title='bbox 1197 1460 1282 1484; x_wconf 91' lang='lat' dir='ltr'>esse</span> <span class='ocrx_word' id='word_1_142' title='bbox 1309 1449 1528 1496; x_wconf 83' lang='lat' dir='ltr'>putarent3</span> 
     </span>
     <span class='ocr_line' id='line_1_23' title="bbox 268 1512 1528 1562; baseline 0.002 -13"><span class='ocrx_word' id='word_1_143' title='bbox 268 1512 431 1561; x_wconf 83' lang='lat' dir='ltr'>scripsit</span> <span class='ocrx_word' id='word_1_144' title='bbox 469 1527 563 1551; x_wconf 87' lang='lat' dir='ltr'>cum</span> <span class='ocrx_word' id='word_1_145' title='bbox 603 1513 851 1562; x_wconf 86' lang='lat' dir='ltr'>coepiscopis</span> <span class='ocrx_word' id='word_1_146' title='bbox 889 1513 973 1551; x_wconf 89' lang='lat' dir='ltr'>suis</span> <span class='ocrx_word' id='word_1_147' title='bbox 1012 1512 1332 1551; x_wconf 83' lang='lat' dir='ltr'>exhortatoriam</span> <span class='ocrx_word' id='word_1_148' title='bbox 1370 1514 1419 1551; x_wconf 84' lang='lat' dir='ltr'>ad</span> <span class='ocrx_word' id='word_1_149' title='bbox 1459 1527 1528 1552; x_wconf 90' lang='lat' dir='ltr'>eos</span> 
     </span>
     <span class='ocr_line' id='line_1_24' title="bbox 270 1577 1528 1628; baseline 0.003 -13"><span class='ocrx_word' id='word_1_150' title='bbox 270 1577 500 1627; x_wconf 87' lang='lat' dir='ltr'>epistulam,</span> <span class='ocrx_word' id='word_1_151' title='bbox 526 1580 738 1617; x_wconf 78' lang='lat' dir='ltr'>obsecrans</span> <span class='ocrx_word' id='word_1_152' title='bbox 763 1592 830 1617; x_wconf 89' lang='lat' dir='ltr'>eos</span> <span class='ocrx_word' id='word_1_153' title='bbox 859 1581 898 1616; x_wconf 93' lang='lat' dir='ltr'>et</span> <span class='ocrx_word' id='word_1_154' title='bbox 928 1580 1162 1616; x_wconf 84' lang='lat' dir='ltr'>contestans</span> <span class='ocrx_word' id='word_1_155' title='bbox 1189 1578 1391 1616; x_wconf 85' lang='lat' dir='ltr'>unitatem</span> <span class='ocrx_word' id='word_1_156' title='bbox 1417 1580 1528 1628; x_wconf 81' lang='lat' dir='ltr'>pacis</span> 
     </span>
     <span class='ocr_line' id='line_1_25' title="bbox 268 1644 1526 1706; baseline 0.002 -26"><span class='ocrx_word' id='word_1_157' title='bbox 268 1645 308 1680; x_wconf 89' lang='lat' dir='ltr'>et</span> <span class='ocrx_word' id='word_1_158' title='bbox 347 1644 567 1706; x_wconf 54' lang='lat' dir='ltr'>catholicae</span> <span class='ocrx_word' id='word_1_159' title='bbox 606 1644 902 1682; x_wconf 83' lang='lat' dir='ltr'>obseruationis</span> <span class='ocrx_word' id='word_1_160' title='bbox 940 1657 1033 1681; x_wconf 87' lang='lat' dir='ltr'>cum</span> <span class='ocrx_word' id='word_1_161' title='bbox 1072 1656 1127 1690; x_wconf 85' lang='lat' dir='ltr'>ea,</span> <span class='ocrx_word' id='word_1_162' title='bbox 1166 1657 1267 1692; x_wconf 83' lang='lat' dir='ltr'>quae</span> <span class='ocrx_word' id='word_1_163' title='bbox 1305 1646 1391 1682; x_wconf 92' lang='lat' dir='ltr'>toto</span> <span class='ocrx_word' id='word_1_164' title='bbox 1431 1645 1526 1683; x_wconf 73' lang='lat' dir='ltr'>orbe</span> 
     </span>
     <span class='ocr_line' id='line_1_26' title="bbox 267 1707 1526 1758; baseline 0.002 -12"><span class='ocrx_word' id='word_1_165' title='bbox 267 1709 416 1747; x_wconf 80' lang='lat' dir='ltr'>diffusa</span> <span class='ocrx_word' id='word_1_166' title='bbox 448 1712 519 1758; x_wconf 88' lang='lat' dir='ltr'>est,</span> <span class='ocrx_word' id='word_1_167' title='bbox 555 1711 722 1748; x_wconf 87' lang='lat' dir='ltr'>ecclesia</span> <span class='ocrx_word' id='word_1_168' title='bbox 760 1710 911 1749; x_wconf 84' lang='lat' dir='ltr'>Christi</span> <span class='ocrx_word' id='word_1_169' title='bbox 950 1707 1140 1757; x_wconf 81' lang='lat' dir='ltr'>tenere¹;</span> <span class='ocrx_word' id='word_1_170' title='bbox 1184 1709 1299 1747; x_wconf 87' lang='lat' dir='ltr'>cuius</span> <span class='ocrx_word' id='word_1_171' title='bbox 1336 1710 1526 1748; x_wconf 88' lang='lat' dir='ltr'>uidelicet</span> 
     </span>
     <span class='ocr_line' id='line_1_27' title="bbox 266 1775 938 1825; baseline 0.003 -13"><span class='ocrx_word' id='word_1_172' title='bbox 266 1775 466 1824; x_wconf 85' lang='lat' dir='ltr'>epistulae</span> <span class='ocrx_word' id='word_1_173' title='bbox 485 1776 735 1825; x_wconf 89' lang='lat' dir='ltr'>principium</span> <span class='ocrx_word' id='word_1_174' title='bbox 755 1777 830 1814; x_wconf 90' lang='lat' dir='ltr'>hoc</span> <span class='ocrx_word' id='word_1_175' title='bbox 851 1778 938 1815; x_wconf 84' lang='lat' dir='ltr'>est:</span> 
     </span>
    </p>

    <p class='ocr_par' dir='ltr' id='par_1_7' title="bbox 255 1841 1525 2020">
     <span class='ocr_line' id='line_1_28' title="bbox 318 1841 1525 1889; baseline 0.002 -11"><span class='ocrx_word' id='word_1_176' title='bbox 318 1842 497 1879; x_wconf 74' lang='lat' dir='ltr'>Dominis</span> <span class='ocrx_word' id='word_1_177' title='bbox 535 1843 743 1879; x_wconf 72' lang='lat' dir='ltr'>carissimis</span> <span class='ocrx_word' id='word_1_178' title='bbox 777 1841 975 1889; x_wconf 73' lang='lat' dir='ltr'>fratribus</span> <span class='ocrx_word' id='word_1_179' title='bbox 1011 1842 1191 1888; x_wconf 67' lang='lat' dir='ltr'>episcopis</span> <span class='ocrx_word' id='word_1_180' title='bbox 1226 1841 1288 1879; x_wconf 75' lang='lat' dir='ltr'>net</span> <span class='ocrx_word' id='word_1_181' title='bbox 1325 1841 1525 1880; x_wconf 72' lang='lat' dir='ltr'>abbatibus</span> 
     </span>
     <span class='ocr_line' id='line_1_29' title="bbox 255 1907 1525 1954; baseline 0.002 -11"><span class='ocrx_word' id='word_1_182' title='bbox 255 1917 331 1954; x_wconf 68' lang='lat' dir='ltr'>per</span> <span class='ocrx_word' id='word_1_183' title='bbox 357 1908 580 1945; x_wconf 72' lang='lat' dir='ltr'>uniuersam</span> <span class='ocrx_word' id='word_1_184' title='bbox 613 1908 795 1945; x_wconf 76' lang='lat' dir='ltr'>Scottiam</span> <span class='ocrx_word' id='word_1_185' title='bbox 824 1907 1073 1953; x_wconf 73' lang='lat' dir='ltr'>Lamentias,</span> <span class='ocrx_word' id='word_1_186' title='bbox 1107 1907 1292 1954; x_wconf 62' lang='lat' dir='ltr'>Metilius,</span> <span class='ocrx_word' id='word_1_187' title='bbox 1324 1909 1358 1944; x_wconf 81' lang='lat' dir='ltr'>ct</span> <span class='ocrx_word' id='word_1_188' title='bbox 1386 1907 1525 1946; x_wconf 67' lang='lat' dir='ltr'>[astus</span> 
     </span>
     <span class='ocr_line' id='line_1_30' title="bbox 262 1973 881 2020; baseline 0.002 -11"><span class='ocrx_word' id='word_1_189' title='bbox 262 1973 432 2020; x_wconf 69' lang='lat' dir='ltr'>episcopi,</span> <span class='ocrx_word' id='word_1_190' title='bbox 456 1974 559 2010; x_wconf 76' lang='lat' dir='ltr'>serni</span> <span class='ocrx_word' id='word_1_191' title='bbox 578 1985 777 2011; x_wconf 72' lang='lat' dir='ltr'>seruorum</span> <span class='ocrx_word' id='word_1_192' title='bbox 795 1974 881 2010; x_wconf 78' lang='lat' dir='ltr'>Dei.</span> 
     </span>
    </p>

    <p class='ocr_par' dir='ltr' id='par_1_8' title="bbox 259 2038 1521 2479">
     <span class='ocr_line' id='line_1_31' title="bbox 315 2038 1521 2087; baseline 0.002 -13"><span class='ocrx_word' id='word_1_193' title='bbox 315 2038 424 2075; x_wconf 70' lang='lat' dir='ltr'>Dum</span> <span class='ocrx_word' id='word_1_194' title='bbox 451 2050 522 2076; x_wconf 78' lang='lat' dir='ltr'>nos</span> <span class='ocrx_word' id='word_1_195' title='bbox 549 2039 650 2077; x_wconf 73' lang='lat' dir='ltr'>sedes</span> <span class='ocrx_word' id='word_1_196' title='bbox 678 2040 882 2087; x_wconf 72' lang='lat' dir='ltr'>apostolica</span> <span class='ocrx_word' id='word_1_197' title='bbox 910 2050 1012 2076; x_wconf 79' lang='lat' dir='ltr'>more</span> <span class='ocrx_word' id='word_1_198' title='bbox 1039 2050 1117 2085; x_wconf 75' lang='lat' dir='ltr'>sao,</span> <span class='ocrx_word' id='word_1_199' title='bbox 1145 2038 1243 2075; x_wconf 70' lang='lat' dir='ltr'>sicut</span> <span class='ocrx_word' id='word_1_200' title='bbox 1270 2039 1312 2075; x_wconf 77' lang='lat' dir='ltr'>in</span> <span class='ocrx_word' id='word_1_201' title='bbox 1341 2039 1521 2076; x_wconf 74' lang='lat' dir='ltr'>uniuerso</span> 
     </span>
     <span class='ocr_line' id='line_1_32' title="bbox 261 2103 1521 2151; baseline 0 -11"><span class='ocrx_word' id='word_1_202' title='bbox 261 2104 345 2140; x_wconf 77' lang='lat' dir='ltr'>orbe</span> <span class='ocrx_word' id='word_1_203' title='bbox 373 2106 571 2151; x_wconf 76' lang='lat' dir='ltr'>terrarum,</span> <span class='ocrx_word' id='word_1_204' title='bbox 596 2105 638 2141; x_wconf 76' lang='lat' dir='ltr'>in</span> <span class='ocrx_word' id='word_1_205' title='bbox 666 2105 726 2142; x_wconf 75' lang='lat' dir='ltr'>leis</span> <span class='ocrx_word' id='word_1_206' title='bbox 754 2105 917 2142; x_wconf 73' lang='lat' dir='ltr'>occiduis</span> <span class='ocrx_word' id='word_1_207' title='bbox 936 2105 1117 2151; x_wconf 65' lang='lat' dir='ltr'>partibus</span> <span class='ocrx_word' id='word_1_208' title='bbox 1142 2103 1192 2140; x_wconf 78' lang='lat' dir='ltr'>acl</span> <span class='ocrx_word' id='word_1_209' title='bbox 1212 2103 1521 2150; x_wconf 73' lang='lat' dir='ltr'>praeclicanslmn</span> 
     </span>
     <span class='ocr_line' id='line_1_33' title="bbox 259 2170 1520 2218; baseline 0.002 -13"><span class='ocrx_word' id='word_1_210' title='bbox 259 2170 435 2216; x_wconf 64' lang='lat' dir='ltr'>[sentibus</span> <span class='ocrx_word' id='word_1_211' title='bbox 454 2172 624 2218; x_wconf 68' lang='lat' dir='ltr'>pagyctnis</span> <span class='ocrx_word' id='word_1_212' title='bbox 652 2171 837 2218; x_wconf 66' lang='lat' dir='ltr'>cliriyeret,</span> <span class='ocrx_word' id='word_1_213' title='bbox 872 2173 984 2217; x_wconf 69' lang='lat' dir='ltr'>atque</span> <span class='ocrx_word' id='word_1_214' title='bbox 1015 2171 1055 2207; x_wconf 79' lang='lat' dir='ltr'>in</span> <span class='ocrx_word' id='word_1_215' title='bbox 1084 2170 1182 2206; x_wconf 77' lang='lat' dir='ltr'>hanc</span> <span class='ocrx_word' id='word_1_216' title='bbox 1212 2170 1393 2216; x_wconf 67' lang='lat' dir='ltr'>insulani,</span> <span class='ocrx_word' id='word_1_217' title='bbox 1425 2181 1520 2216; x_wconf 74' lang='lat' dir='ltr'>qnae</span> 
     </span>
     <span class='ocr_line' id='line_1_34' title="bbox 260 2234 1520 2283; baseline 0.002 -13"><span class='ocrx_word' id='word_1_218' title='bbox 260 2234 463 2272; x_wconf 70' lang='lat' dir='ltr'>Brittania</span> <span class='ocrx_word' id='word_1_219' title='bbox 482 2238 738 2283; x_wconf 64' lang='lat' dir='ltr'>nzmcifflatnr,</span> <span class='ocrx_word' id='word_1_220' title='bbox 763 2236 919 2282; x_wconf 68' lang='lat' dir='ltr'>contiffl&#39;t</span> <span class='ocrx_word' id='word_1_221' title='bbox 937 2236 1111 2272; x_wconf 74' lang='lat' dir='ltr'>introisse</span> <span class='ocrx_word' id='word_1_222' title='bbox 1125 2248 1137 2280; x_wconf 86' lang='lat'><em>;</em></span> <span class='ocrx_word' id='word_1_223' title='bbox 1168 2237 1373 2281; x_wconf 76' lang='lat' dir='ltr'>antequam</span> <span class='ocrx_word' id='word_1_224' title='bbox 1392 2246 1520 2282; x_wconf 54' lang='lat' dir='ltr'>cofino-</span> 
     </span>
     <span class='ocr_line' id='line_1_35' title="bbox 260 2300 1520 2349; baseline 0.001 -13"><span class='ocrx_word' id='word_1_225' title='bbox 260 2311 453 2348; x_wconf 73' lang='lat' dir='ltr'>scercmns,</span> <span class='ocrx_word' id='word_1_226' title='bbox 478 2301 673 2349; x_wconf 74' lang='lat' dir='ltr'>credentes,</span> <span class='ocrx_word' id='word_1_227' title='bbox 693 2302 792 2348; x_wconf 70' lang='lat' dir='ltr'>qaod</span> <span class='ocrx_word' id='word_1_228' title='bbox 810 2302 919 2338; x_wconf 63' lang='lat' dir='ltr'>iaxta</span> <span class='ocrx_word' id='word_1_229' title='bbox 938 2312 1078 2337; x_wconf 76' lang='lat' dir='ltr'>morem</span> <span class='ocrx_word' id='word_1_230' title='bbox 1096 2300 1330 2337; x_wconf 62' lang='lat' dir='ltr'>‘immergatis</span> <span class='ocrx_word' id='word_1_231' title='bbox 1348 2300 1520 2338; x_wconf 68' lang='lat' dir='ltr'>eeclesiae</span> 
     </span>
     <span class='ocr_line' id='line_1_36' title="bbox 259 2365 1519 2414; baseline 0 -12"><span class='ocrx_word' id='word_1_232' title='bbox 259 2365 580 2414; x_wconf 68' lang='lat' dir='ltr'>inqreclerentm·²,</span> <span class='ocrx_word' id='word_1_233' title='bbox 605 2368 646 2404; x_wconf 73' lang='lat' dir='ltr'>tn</span> <span class='ocrx_word' id='word_1_234' title='bbox 671 2379 816 2414; x_wconf 69' lang='lat' dir='ltr'>nzagyna</span> <span class='ocrx_word' id='word_1_235' title='bbox 840 2367 1054 2404; x_wconf 69' lang='lat' dir='ltr'>reuerentia</span> <span class='ocrx_word' id='word_1_236' title='bbox 1079 2366 1294 2404; x_wconf 72' lang='lat' dir='ltr'>sanctitatis</span> <span class='ocrx_word' id='word_1_237' title='bbox 1314 2368 1392 2403; x_wconf 69' lang='lat' dir='ltr'>tant</span> <span class='ocrx_word' id='word_1_238' title='bbox 1411 2366 1519 2402; x_wconf 72' lang='lat' dir='ltr'>Bret-</span> 
     </span>
     <span class='ocr_line' id='line_1_37' title="bbox 260 2431 1518 2479; baseline 0.001 -12"><span class='ocrx_word' id='word_1_239' title='bbox 260 2433 364 2468; x_wconf 76' lang='lat' dir='ltr'>tones</span> <span class='ocrx_word' id='word_1_240' title='bbox 400 2444 516 2479; x_wconf 38' lang='lat' dir='ltr'>Qfacnn</span> <span class='ocrx_word' id='word_1_241' title='bbox 552 2432 696 2470; x_wconf 78' lang='lat' dir='ltr'>Scottos</span> <span class='ocrx_word' id='word_1_242' title='bbox 732 2433 906 2469; x_wconf 73' lang='lat' dir='ltr'>uenerati</span> <span class='ocrx_word' id='word_1_243' title='bbox 943 2443 1102 2477; x_wconf 75' lang='lat' dir='ltr'>sanms;</span> <span class='ocrx_word' id='word_1_244' title='bbox 1150 2431 1215 2469; x_wconf 78' lang='lat' dir='ltr'>scd</span> <span class='ocrx_word' id='word_1_245' title='bbox 1261 2433 1518 2478; x_wconf 72' lang='lat' dir='ltr'>coynoscentes</span> 
     </span>
    </p>
   </div>
   <div class='ocr_carea' id='block_1_7' title="bbox 432 2562 1337 2602">
    <p class='ocr_par' dir='ltr' id='par_1_9' title="bbox 432 2562 1337 2602">
     <span class='ocr_line' id='line_1_38' title="bbox 432 2562 1337 2602; baseline 0.001 -9"><span class='ocrx_word' id='word_1_246' title='bbox 432 2562 442 2580; x_wconf 82' lang='lat'>¹</span> <span class='ocrx_word' id='word_1_247' title='bbox 467 2562 555 2594; x_wconf 66' lang='lat' dir='ltr'>-re³t&#39;</span> <span class='ocrx_word' id='word_1_248' title='bbox 572 2564 618 2594; x_wconf 90' lang='lat' dir='ltr'>M.</span> <span class='ocrx_word' id='word_1_249' title='bbox 723 2563 734 2580; x_wconf 87' lang='lat'><strong>²</strong></span> <span class='ocrx_word' id='word_1_250' title='bbox 758 2567 803 2594; x_wconf 75' lang='lat' dir='ltr'>the</span> <span class='ocrx_word' id='word_1_251' title='bbox 819 2566 911 2594; x_wconf 62' lang='lat' dir='ltr'>scribe</span> <span class='ocrx_word' id='word_1_252' title='bbox 928 2567 961 2594; x_wconf 85' lang='lat' dir='ltr'>at</span> <span class='ocrx_word' id='word_1_253' title='bbox 968 2566 1040 2600; x_wconf 78' lang='lat' dir='ltr'>first</span> <span class='ocrx_word' id='word_1_254' title='bbox 1055 2566 1141 2593; x_wconf 80' lang='lat' dir='ltr'>wrote</span> <span class='ocrx_word' id='word_1_255' title='bbox 1157 2562 1274 2602; x_wconf 77' lang='lat' dir='ltr'>egred-</span> <span class='ocrx_word' id='word_1_256' title='bbox 1292 2563 1337 2594; x_wconf 90' lang='lat' dir='ltr'>M.</span> 
     </span>
    </p>
   </div>
   <div class='ocr_carea' id='block_1_8' title="bbox 1557 869 1765 1018">
    <p class='ocr_par' dir='ltr' id='par_1_10' title="bbox 1557 869 1765 1018">
     <span class='ocr_line' id='line_1_39' title="bbox 1557 869 1765 906; baseline 0.014 -10"><span class='ocrx_word' id='word_1_257' title='bbox 1557 869 1723 906; x_wconf 85' lang='lat' dir='ltr'>Attempts</span> <span class='ocrx_word' id='word_1_258' title='bbox 1729 874 1765 899; x_wconf 72' lang='lat' dir='ltr'>at</span> 
     </span>
     <span class='ocr_line' id='line_1_40' title="bbox 1558 910 1763 938; baseline 0.01 -2"><span class='ocrx_word' id='word_1_259' title='bbox 1558 910 1663 938; x_wconf 86' lang='lat' dir='ltr'>union</span> <span class='ocrx_word' id='word_1_260' title='bbox 1682 912 1763 938; x_wconf 81' lang='lat' dir='ltr'>with</span> 
     </span>
     <span class='ocr_line' id='line_1_41' title="bbox 1557 949 1730 978; baseline 0.006 -3"><span class='ocrx_word' id='word_1_261' title='bbox 1557 949 1615 977; x_wconf 88' lang='lat' dir='ltr'>the</span> <span class='ocrx_word' id='word_1_262' title='bbox 1631 950 1730 978; x_wconf 76' lang='lat' dir='ltr'>Celtic</span> 
     </span>
     <span class='ocr_line' id='line_1_42' title="bbox 1559 988 1733 1018; baseline 0.011 -2"><span class='ocrx_word' id='word_1_263' title='bbox 1559 988 1733 1018; x_wconf 63' lang='lat' dir='ltr'>Churohes.</span> 
     </span>
    </p>
   </div>
   <div class='ocr_carea' id='block_1_9' title="bbox 1544 2049 1720 2123">
    <p class='ocr_par' dir='ltr' id='par_1_11' title="bbox 1544 2049 1720 2123">
     <span class='ocr_line' id='line_1_43' title="bbox 1545 2049 1720 2079; baseline 0.011 -3"><span class='ocrx_word' id='word_1_264' title='bbox 1545 2049 1672 2079; x_wconf 86' lang='lat' dir='ltr'>Letters</span> <span class='ocrx_word' id='word_1_265' title='bbox 1687 2054 1720 2078; x_wconf 79' lang='lat' dir='ltr'>to</span> 
     </span>
     <span class='ocr_line' id='line_1_44' title="bbox 1544 2089 1713 2123; baseline 0.006 -7"><span class='ocrx_word' id='word_1_266' title='bbox 1544 2089 1601 2117; x_wconf 80' lang='lat' dir='ltr'>the</span> <span class='ocrx_word' id='word_1_267' title='bbox 1617 2090 1713 2123; x_wconf 71' lang='lat' dir='ltr'>Irish,</span> 
     </span>
    </p>
   </div>
  </div>
 </body>
</html>
