1803 2887
63 1042 102 1071 cf.
120 1042 197 1070 Vita

63 1082 162 1110 Cudb.

64 1130 89 1149 c.
109 1131 149 1158 19.

61 1369 101 1397 ib.
120 1379 144 1397 c.
166 1379 201 1406 ¹7-

61 1831 100 1859 ib.
117 1840 142 1860 c.
162 1833 201 1859 18.

59 2290 101 2318 ib.
119 2299 144 2318 e.
164 2299 202 2326 ¹9-

259 134 338 164 οη.
354 133 463 163 xxm
479 129 682 171 [xxv111].]
746 122 897 165 Gentis
927 121 1198 177 Arnylorum.
1433 122 1514 162 271

258 240 328 286 his,
367 251 464 287 quac
487 237 770 287 possidebat-affl,
810 239 959 286 aliquid
988 250 1104 276 suum
1137 249 1215 277 esse
1254 238 1409 285 debebat,
1452 238 1517 275 sed

258 308 364 343 erant
384 303 460 343 e1is²
481 305 612 343 omnia
626 305 638 323 ³
660 303 903 343 communia?

602 427 724 466 CAP.
755 426 902 464 XXVI
932 421 1177 478 [XXVIII]

262 515 299 543 Ut
319 516 399 544 fidem
415 516 449 543 in
465 517 533 544 uita
556 517 745 544 anchoretz'ca
760 517 786 544 et
793 514 912 550 fontem
927 516 962 543 cle
984 516 1087 543 arente
1102 515 1182 542 terra
1203 515 1317 542 orando
1328 515 1515 553 produxerit,

357 569 383 596 et
398 570 521 603 segetem
533 566 542 582 4
560 570 594 597 de
611 569 708 597 labore
724 575 878 596 manuum
894 567 975 594 ultra
992 568 1109 601 tempus
1125 566 1245 594 serendi
1261 567 1415 600 acceperit.

312 643 423 681 Exn<
457 644 686 682 Cudberct⁵
717 644 994 682 crescentibus
1025 643 1182 681 meritis
1215 643 1426 692 religiosae
1456 643 1516 681 in-

258 709 466 753 tentionis,
487 710 536 747 ad
558 710 827 748 anchoriticae
843 723 1004 759 quoque
1024 708 1395 757 contemplationis,
1416 722 1518 757 quae

258 773 449 822 diximus,
484 776 646 813 silentia
683 777 835 813 secreta
868 775 1068 824 peruenit.
1128 775 1314 813 Uerumf’
1345 774 1439 823 quia
1468 774 1518 812 de

257 839 343 878 uita
371 840 485 878 illius
509 843 549 879 et
579 841 804 879 uirtutibus
829 842 924 878 ante
949 853 1081 878 annos
1103 840 1244 888 plures
1271 840 1518 878 sufficienter

255 906 296 942 et
316 905 502 943 uersibus
522 907 703 954 heroicis,
725 908 766 944 et
785 904 965 954 simplici
986 905 1168 943 oratione
1185 905 1511 953 conscripsimus,

257 970 334 1008 hoc
359 973 525 1009 tantum
547 973 590 1009 in
617 971 821 1021 praesenti
849 983 1172 1008 commemorare
1196 971 1294 1008 satis
1320 971 1382 1018 sit,
1408 971 1516 1020 quod

257 1036 442 1074 aditurus
461 1037 641 1075 insulam
661 1038 912 1086 protestatus
935 1038 996 1073 est
1020 1036 1226 1080 fratribus,
1252 1036 1415 1075 dicens:
1450 1036 1516 1074 ‘Si

255 1102 360 1139 mihi
389 1103 530 1141 diuina
557 1103 686 1152 gratia
708 1103 752 1140 in
778 1103 865 1140 loco
894 1102 964 1139 illo
988 1102 1214 1150 donauerit,
1241 1104 1287 1139 ut
1317 1102 1366 1139 de
1396 1115 1516 1151 opere

255 1181 457 1206 manuum
485 1182 672 1206 mearum
702 1169 841 1206 uiuere
870 1180 1030 1216 queam,
1051 1167 1185 1205 libens
1213 1167 1270 1205 ibi
1298 1168 1517 1215 morabor3

255 1234 320 1271 sin
341 1234 448 1282 alias,
473 1235 523 1273 ad
544 1248 618 1272 uos
641 1234 837 1272 citissime
858 1234 944 1271 Deo
965 1233 1132 1271 uolente
1153 1234 1361 1271 reuertar.'
1418 1234 1517 1272 Era-t

255 1300 393 1337 autem
414 1300 527 1338 locus
547 1302 587 1338 et
607 1314 735 1350 aquae
751 1312 916 1349 prorsus
936 1300 976 1337 et
996 1299 1125 1348 frugis
1145 1301 1185 1337 et
1205 1299 1360 1336 arboris
1380 1299 1511 1348 inops,

254 1365 325 1403 sed
374 1367 414 1403 et
461 1366 683 1415 spirituum
722 1365 1001 1414 malignorum
1043 1364 1273 1414 frequentia
1311 1364 1517 1402 humanae

253 1430 497 1469 habitationi
534 1432 674 1470 minus
710 1431 1025 1477 accommodus;
1065 1430 1135 1468 sed
1168 1430 1219 1468 ad
1258 1432 1403 1468 uotum
1438 1431 1517 1468 uiri

255 1497 332 1534 Dei
369 1498 606 1536 habitabilis
643 1511 714 1547 per
752 1496 891 1535 omnia
934 1496 1065 1534 factus
1107 1498 1177 1543 est,
1221 1496 1426 1545 siquidem
1464 1497 1515 1535 ad

254 1563 482 1600 aduentum
503 1564 590 1601 eius
610 1564 779 1612 spiritus
794 1575 995 1599 recessere
1014 1561 1197 1610 maligni.
1251 1562 1356 1600 Cum
1376 1564 1514 1600 autem

254 1627 341 1677 ipse
361 1629 439 1666 sibi
454 1629 609 1667 ibidem
625 1628 805 1678 expulsis
820 1627 1008 1665 hostibus
1023 1627 1281 1664 mansionem
1298 1630 1515 1676 angustam

253 1693 593 1733 circumuallante
640 1708 784 1745 aggere
831 1697 866 1732 et
909 1695 1044 1731 domus
1084 1695 1126 1731 in
1168 1706 1213 1731 ea
1251 1694 1509 1741 necessarias,

253 1758 422 1798 iuuante
443 1760 618 1798 fratrum
641 1773 777 1808 manu,
802 1759 844 1797 id
865 1760 927 1797 est
947 1759 1172 1797 oratorium
1193 1761 1234 1797 et
1253 1760 1516 1798 habitaculum

255 1837 461 1873 commune,
486 1826 793 1873 construxisset,
817 1825 937 1863 iussit
963 1825 1110 1863 fratres
1134 1825 1177 1862 in
1203 1825 1386 1863 eiusdem
1406 1826 1516 1864 habi-

254 1891 379 1928 taculi
416 1892 655 1940 pauimento
687 1893 849 1939 foueam
893 1891 1050 1938 facere;
1094 1894 1173 1929 erat
1211 1893 1350 1928 autem
1389 1891 1515 1929 tellus

255 1957 463 1995 durissima
491 1961 526 1996 et
551 1970 699 2005 saxosa,
724 1958 790 1995 cui
816 1956 932 1995 nulla
962 1957 1134 1994 omnino
1163 1969 1256 2004 spes
1285 1969 1409 1994 uernae
1424 1958 1514 2004 fowae

255 2025 370 2060 tanae
390 2023 597 2061 uideretur
620 2023 765 2061 inesse.
837 2022 954 2070 Quod
975 2022 1074 2059 dum
1099 2021 1290 2070 facerent,
1316 2023 1365 2059 ad
1387 2022 1513 2060 fidem

254 2091 294 2127 et
320 2104 458 2139 preces
486 2090 632 2128 famuli
661 2090 747 2137 Dei,
771 2089 851 2127 alio
878 2089 943 2127 die
971 2102 1076 2137 aqua
1103 2088 1225 2138 plena
1251 2090 1410 2127 inuenta
1435 2091 1507 2137 est,

253 2168 356 2204 quae
394 2169 524 2205 usque
562 2156 611 2193 ad
646 2156 752 2193 hanc
790 2155 900 2193 diem
939 2154 1212 2192 sufficientem
1245 2154 1406 2192 cunctis
1438 2155 1512 2192 illo

251 2221 567 2259 aduenientibus
590 2221 742 2271 gratiae
771 2234 866 2258 suae
896 2220 1080 2258 caelestis
1110 2222 1260 2268 copiam
1286 2220 1507 2259 ministrat.

254 2286 333 2325 Sed
364 2288 405 2325 et
437 2287 686 2324 ferramenta
719 2287 793 2325 sibi
822 2286 971 2324 ruralia
999 2299 1093 2323 cum
1122 2285 1331 2323 frumento
1365 2287 1514 2334 adferri

253 2355 413 2402 rogauit,
451 2353 559 2402 quod
594 2353 693 2390 dum
731 2353 969 2402 praeparata
1007 2354 1106 2389 terra
1141 2354 1298 2400 tempore
1332 2365 1511 2401 congruo

297 2451 305 2468 ¹
332 2451 470 2491 possed·
488 2451 532 2482 M.
593 2450 605 2468 ²
628 2452 701 2481 illis
715 2451 750 2481 M
767 2462 774 2489 ;
796 2451 880 2481 Vita
898 2451 1030 2488 Cudb.;
1056 2451 1116 2481 eis.
1134 2461 1215 2490 sup„
1235 2460 1268 2490 p.
1288 2461 1338 2489 49.
1402 2449 1413 2467 ³
1438 2460 1509 2480 om-

253 2503 313 2534 nia
329 2514 387 2533 om.
404 2503 450 2534 M.
567 2503 578 2520 ⁴
603 2504 749 2543 segitem
768 2503 813 2534 M.
936 2503 947 2520 ⁵
969 2503 1088 2533 -berht
1104 2502 1141 2534 C.
1266 2501 1278 2519 ⁶
1303 2503 1334 2533 D
1350 2502 1408 2533 Sto.
1427 2504 1512 2540 beyz'n

252 2558 299 2587 the
314 2566 379 2586 new
394 2558 514 2592 chapter
527 2558 599 2586 with
615 2565 750 2587 uerum.

1543 647 1705 675 Cuthbert

1542 687 1690 714 bec-omes
1701 695 1745 713 an

1541 725 1714 754 anchorite

1542 774 1584 792 on
1600 766 1707 793 Farne

1543 805 1665 833 Island.

1541 1567 1700 1595 Miracles.
