1803 2887
8 1243 9 1248 ¹
65 1257 86 1285 f.
107 1258 137 1284 18
151 1265 178 1284 a.

65 1452 108 1480 ib.
121 1452 156 1489 ἓξ
173 1461 224 1479 22—

8 1532 11 1543 »
65 1501 104 1527 ²7·

9 2422 18 2646 .--.-ι--ιν..,.
9 2388 13 2405 -

714 151 891 190 auctore
920 146 1086 188 Baecla.
1436 145 1518 186 381

258 266 351 315 post
381 263 747 314 incomparabilem
781 263 926 302 orandi
957 262 1244 312 psallendique
1281 259 1517 306 sollertiam,

259 343 340 379 qua
358 330 445 379 ipse
465 329 693 368 cotidianus
705 328 883 367 exerceri
902 341 987 366 non
1008 328 1148 374 desiit3
1177 328 1270 376 post
1289 325 1522 363 mirabilem

258 398 299 433 et
327 395 571 433 cohercendi
600 395 808 443 improbos
836 394 1053 440 feruorem,
1088 395 1127 431 et
1156 391 1404 430 modestiam
1433 403 1523 427 con-

257 460 418 498 solandi
446 460 659 507 infirmos3
706 461 799 509 post
826 459 1041 497 insolitam
1075 457 1302 496 rectoribus
1335 458 1376 494 et
1409 468 1523 493 aesce

257 528 461 575 potusque
480 526 730 574 parcitatem,
756 525 796 563 et
815 524 982 562 habitus
1002 523 1209 561 uilitatem
1230 538 1238 570 ;
1268 523 1369 560 uidit
1389 534 1425 559 se
1445 522 1524 559 iam

256 593 384 630 senior
413 593 453 629 et
484 591 633 640 plenus
662 591 824 629 dierum
852 603 933 628 non
966 590 1074 628 ultra
1102 601 1216 637 posse
1251 587 1438 634 subditis,
1473 586 1524 624 ob

258 656 603 706 impedimentum
632 669 898 706 suppraemae
927 655 1080 701 aetatis,
1115 654 1297 692 debitam
1326 652 1524 702 spiritalis

258 722 450 769 exercitii,
468 722 535 760 uel
550 722 743 769 docendo,
764 721 831 759 uel
845 721 1036 768 uiuendo,
1057 717 1297 769 praefigere¹
1319 719 1521 763 formam3

257 788 389 825 multa
409 788 480 826 diu
503 801 641 825 secum
668 790 809 825 mente
835 799 1018 833 uersans,
1042 786 1183 824 utilius
1212 784 1404 831 decreuit,
1429 783 1524 821 dato

256 852 452 891 fratribus
497 855 722 902 praecepto,
766 854 812 890 ut
859 852 973 890 iuxta
1021 851 1085 889 sui
1125 852 1278 889 statuta
1316 848 1525 899 priuilegii

258 918 453 967 iuxtaque
491 918 675 967 regulam
712 918 844 955 sancti
882 916 1040 955 abbatis
1079 915 1306 964 Benedicti,
1351 915 1401 952 de
1439 913 1525 952 suis

259 984 337 1022 sibi
365 984 445 1033 ipsi
473 986 644 1033 patrem,
679 983 750 1033 qui
783 982 918 1032 aptior
956 983 1073 1028 esset,
1117 982 1325 1030 eligerent,
1369 982 1409 1017 et
1450 982 1524 1027 ipse

257 1048 471 1087 beatorum
511 1050 777 1097 apostoloram,
821 1048 894 1086 ubi
941 1048 1107 1085 iuuenis
1153 1060 1249 1084 cum
1296 1045 1523 1084 Benedicto

257 1115 400 1163 fuerat,
426 1116 580 1153 Romae
600 1115 686 1152 loca
707 1116 849 1152 sancta
875 1115 1078 1163 repeteret
1092 1111 1104 1131 ²
1123 1127 1131 1160 3
1162 1112 1357 1162 quatinus
1377 1114 1416 1149 et
1436 1111 1523 1160 ipse

258 1182 353 1219 ante
373 1182 550 1218 mortem
570 1180 811 1230 aliquandiu
832 1179 983 1218 saeculi
1011 1180 1113 1217 curis
1132 1180 1339 1219 absolutas.
1365 1177 1523 1215 Zibeiius

259 1246 424 1284 sibimet
450 1244 453 1296 Ι
480 1248 632 1284 secreta
653 1246 811 1295 quiete3
832 1246 1017 1292 uacaret;
1048 1246 1089 1282 et
1108 1244 1171 1281 illi
1192 1245 1360 1292 sumpto
1379 1242 1525 1280 abbate

258 1313 470 1359 iuueniore,
494 1311 712 1361 perfectius
735 1312 850 1349 iuxta
870 1312 1047 1348 aetatem
1069 1309 1257 1359 magistri
1283 1322 1386 1358 quae
1415 1308 1524 1346 uitae

259 1377 460 1427 regularis
480 1379 617 1415 essent
636 1377 827 1415 instituta
847 1378 1071 1414 seruarent.

318 1454 377 1490 17.
414 1443 683 1482 obnitentibus
701 1442 797 1480 licet
824 1442 957 1491 primo
986 1441 1191 1488 omnibus,
1217 1443 1256 1479 et
1282 1439 1325 1477 in
1347 1441 1523 1478 Iaeritnas

257 1507 548 1557 singultusque
586 1521 719 1558 genua
753 1521 847 1546 cum
879 1507 1143 1546 obsecratione
1185 1506 1326 1544 crebra
1364 1505 1524 1543 flecten-

257 1574 379 1621 tibus,
413 1574 570 1612 factum
601 1574 690 1612 est4
721 1574 829 1623 quod
860 1573 1004 1612 uoluit.
1066 1573 1280 1621 Tantaque
1314 1574 1399 1609 erat
1438 1584 1524 1620 pro-

258 1639 467 1678 ficiscendi
482 1639 639 1689 cupido,
660 1640 707 1677 ut
726 1639 845 1677 tertia-
864 1639 928 1676 die
944 1652 994 1676 ex
1010 1652 1090 1688 quo
1110 1638 1306 1676 fratribus
1321 1639 1523 1675 secretum

260 1706 325 1743 sui
345 1705 536 1753 propositi
566 1705 725 1754 aperuit
741 1705 764 1754 ⁵,
790 1705 869 1742 iter
897 1704 1107 1753 arriperet.
1150 1703 1366 1742 Timebat6
1396 1702 1520 1749 enim,

259 1771 366 1821 quod
397 1771 547 1819 euenit,
573 1785 625 1809 ne
651 1772 891 1821 priusquam
922 1771 1099 1808 Romam
1128 1769 1344 1819 peruenire
1372 1770 1521 1818 posset,

259 1837 417 1884 obiret;
474 1836 601 1874 simul
655 1837 853 1885 deuitans,
899 1850 951 1874 ne
1003 1838 1050 1875 ab
1100 1837 1235 1875 (ιηιῖεῖε-
1288 1835 1374 1872 siue
1423 1834 1525 1872 uiris

258 1903 562 1953 principalibus,
607 1904 756 1953 quibus
795 1902 954 1941 cunctis
1000 1904 1085 1940 erat
1132 1900 1394 1948 honorabilis,
1437 1900 1525 1938 eius

260 1972 399 2018 caepta
446 1970 751 2017 retardarentur,
795 1970 835 2006 et
883 1981 935 2006 ne
975 1969 1147 2016 pecunia
1194 1968 1353 2005 daretur
1396 1965 1459 2003 illi
1499 1978 1524 2004 a

260 2034 506 2084 quibusdam
518 2035 543 2083 ⁷,
569 2048 692 2085 quam
708 2035 720 2054 8
740 2035 965 2072 retribuere
991 2047 1063 2083 pro
1089 2035 1275 2082 tempore
1304 2031 1495 2081 nequiret
1516 2045 1524 2078 ;

1548 1451 1597 1479 He
1611 1452 1705 1479 takes

1548 1492 1638 1519 leave
1650 1492 1685 1518 of
1696 1492 1753 1519 the

1548 1531 1705 1558 bre-thren

1547 1568 1615 1598 an'd
1630 1572 1682 1598 de-

1547 1613 1648 1645 parts,
1665 1611 1754 1638 June

1548 1658 1574 1685 4,
1593 1652 1652 1685 716-

258 2102 359 2139 hanc
387 2102 533 2139 habens
561 2113 707 2149 semper
734 2101 1054 2147 consuetudinem,
1087 2103 1132 2138 at
1158 2098 1286 2148 siquis
1315 2099 1348 2136 ei
1376 2097 1526 2145 aliquid

259 2169 433 2205 muneris
463 2167 636 2214 offerret,
673 2167 750 2205 hoc
778 2166 852 2213 illi,
890 2165 958 2204 uel
986 2165 1138 2212 statim,
1176 2164 1246 2203 uel
1275 2165 1370 2214 post
1404 2163 1524 2201 inter-

258 2232 417 2270 uallum
465 2234 711 2282 competens,
754 2246 840 2270 non
886 2232 1047 2269 minore
1092 2233 1222 2280 qratia
1268 2230 1519 2279 rependeret.

261 2298 429 2337 cantata
461 2311 556 2347 ergo
593 2298 727 2348 primo
765 2310 880 2337 mane
915 2299 1035 2336 missa
1073 2297 1117 2335 in
1155 2296 1348 2335 aecclesia
1383 2295 1525 2333 beatae

303 2416 315 2433 ¹
338 2418 522 2458 praeficere
540 2419 583 2450 D.
601 2420 640 2450 P.
658 2420 694 2450 C.
711 2419 754 2450 B.
770 2419 809 2450 F.
940 2417 952 2435 ²
974 2428 1092 2449 romae
1111 2442 1118 2449 .
1137 2442 1144 2449 .
1163 2442 1170 2449 .
1189 2441 1196 2447 .
1214 2419 1389 2457 repeteret
1405 2427 1465 2448 om.
1484 2417 1525 2447 D.

262 2470 298 2501 P.
318 2471 359 2501 B.
376 2471 422 2509 F;
445 2471 519 2502 loca
536 2495 543 2502 .
561 2494 569 2502 .
589 2495 597 2502 .
616 2496 623 2503 .
640 2473 815 2512 repeteret
832 2482 891 2502 om.
909 2470 945 2501 C.
1057 2470 1070 2489 3
1096 2471 1135 2500 in
1157 2470 1276 2509 quiete
1295 2470 1320 2500 δ.
1438 2469 1450 2485 4
1473 2471 1527 2499 est

261 2533 319 2553 om.
336 2522 395 2561 Hl.
525 2522 537 2540 ⁵
560 2524 725 2564 apparuit
742 2524 780 2554 B.
900 2524 912 2542 ⁶
934 2523 1036 2554 -bant
1054 2523 1096 2554 B.
1113 2523 1152 2554 P.
1170 2523 1211 2553 D.
1229 2522 1267 2553 F.
1378 2519 1390 2538 ⁷
1413 2532 1433 2552 a
1449 2522 1526 2561 qui-

261 2575 411 2606 busdam
428 2585 487 2606 om.
504 2575 532 2607 δ.
620 2574 631 2592 ³
654 2585 763 2615 quam
779 2576 830 2606 eis
847 2576 883 2614 δ;
907 2575 1038 2615 quibus
1054 2575 1096 2605 D.
1115 2575 1154 2606 P.
1171 2574 1206 2605 C.
1226 2575 1270 2605 B.
1285 2574 1322 2605 F.
