1803 2887
61 726 80 752 f.
100 726 187 754 1188..

258 161 333 192 ΟΜ».
353 158 443 200 ΧΧ.]
659 151 810 194 Gentis
840 152 1109 207 Angylorum.
1430 156 1510 197 331

257 265 392 314 abbas,
417 268 651 315 cooperator
670 266 713 304 in
733 267 858 304 uerbo
879 267 956 305 Dei
976 267 1178 305 Theodori
1197 267 1337 306 beatae
1357 283 1514 308 memo-

258 331 340 369 riae
369 331 558 380 episcopi,
584 331 801 369 defunctus
830 333 901 379 est,
935 334 975 370 et
1004 332 1047 369 in
1082 334 1333 371 monasterio
1368 348 1441 372 suo
1470 335 1515 372 in

258 396 425 434 ecclesia
452 397 592 434 beatae
615 397 691 434 Dei
711 397 927 445 genetricis
953 398 1167 446 sepultus;
1197 399 1267 447 qui
1293 402 1354 437 est
1381 413 1516 439 annus

257 461 403 499 ΧΠ·10118
431 462 601 510 primus,
631 475 680 499 ex
710 475 789 510 quo
820 475 842 500 a
872 462 1083 500 Uitaliano
1111 476 1216 512 papa
1244 464 1424 503 directus
1453 469 1515 504 est

255 539 349 564 cum
398 527 639 574 Theodoro3
691 539 740 563 ex
788 539 867 575 quo
905 529 1045 564 autem
1084 527 1335 566 Brittaniam
1382 530 1509 577 uenit,

254 591 456 630 XXXIX.
520 592 647 630 Cuius
682 591 890 629 doctrinae
923 591 1048 629 simul
1088 594 1128 630 et
1167 594 1371 632 Theodori
1404 595 1515 633 inter

253 657 333 694 alia
366 657 655 695 testimonium
693 656 894 705 perhibet,
934 658 1041 706 quod
1075 658 1258 696 Albinus
1287 659 1513 709 discipulus

254 722 352 769 eius,
396 722 467 771 qui
493 722 496 770 Ι
522 722 773 760 monasterio
812 721 941 770 ipsius
978 722 1022 760 in
1060 723 1260 771 regimine
1305 726 1507 770 successit,

253 787 297 825 in
338 789 503 825 tantum
547 787 696 825 studiis
738 787 1034 836 scripturarum
1075 789 1295 827 institutus
1343 792 1414 835 est,
1462 793 1509 828 ut

252 854 425 891 Grecam
446 853 614 901 quidem
636 853 823 901 linguam
843 866 927 890 non
948 867 1073 902 parua
1093 868 1141 891 ex
1167 857 1292 903 parte,
1317 856 1510 894 Latinam

251 931 350 956 uero
378 931 461 955 non
488 918 629 955 minus
655 931 779 967 quam
806 918 1053 968 Anglorum,
1079 932 1181 968 quae
1208 920 1287 958 sibi
1310 922 1511 960 naturalis

252 985 325 1031 est,
350 983 524 1021 nouerit.

307 1048 493 1097 Suscepit
521 1061 616 1085 uero
643 1061 716 1097 pro
746 1048 927 1086 Uilfrido
957 1049 1238 1099 episcopatum
1263 1051 1510 1101 Hagustald-

251 1114 362 1152 ensis
382 1114 572 1152 ecclesiae
591 1115 701 1151 Acca
719 1115 933 1164 presbyter
949 1115 1047 1163 eius,
1069 1116 1133 1153 uir
1148 1119 1189 1154 et
1209 1117 1297 1165 ipse
1318 1118 1512 1157 strenuis-

250 1180 391 1228 simus,
430 1182 470 1218 et
503 1193 638 1217 coram
672 1180 758 1217 Deo
792 1182 832 1218 et
865 1181 1106 1219 hominibus
1139 1183 1409 1231 magnificus3
1440 1184 1511 1232 qui

250 1247 290 1283 et
311 1245 439 1294 ipsius
459 1245 650 1284 ecclesiae
670 1259 776 1293 suae,
808 1259 911 1295 quae
930 1246 974 1284 in
998 1246 1107 1285 beati
1127 1248 1317 1286 Andreae
1338 1250 1511 1298 apostoli

250 1310 451 1348 honorem
481 1314 711 1350 consecrata
740 1314 811 1358 est,
846 1312 1079 1350 aedificium
1113 1314 1339 1351 multifario
1369 1315 1511 1353 decore

252 1389 297 1413 ac
314 1376 498 1414 mirificis
513 1377 730 1426 ampliauit
746 1377 946 1426 operibus.
995 1378 1119 1416 Dedit
1136 1392 1315 1428 namque
1329 1393 1506 1429 operam,

251 1442 359 1491 quod
381 1443 422 1479 et
442 1442 564 1480 hodie
583 1443 690 1490 facit,
716 1445 762 1481 ut
782 1443 997 1492 adquisitis
1017 1445 1306 1494 undecumque
1327 1446 1510 1495 reliquiis

249 1507 464 1545 beatorum
485 1508 764 1556 apostolorum
785 1510 825 1546 et
845 1510 1076 1558 martyrum
1094 1510 1257 1558 Christi,
1282 1511 1325 1548 in
1345 1525 1508 1550 uenera-

248 1572 407 1610 tionem
440 1573 608 1611 illorum
642 1575 812 1622 poneret
846 1574 1000 1622 altaria,
1039 1575 1249 1613 distinctis
1282 1577 1509 1625 porticibus

251 1638 293 1675 in
322 1638 398 1675 hoc
436 1638 574 1688 ipsum
604 1639 714 1677 intra
741 1652 882 1677 muros
912 1639 1098 1678 eiusdem
1128 1641 1328 1689 ecclesiae,
1363 1644 1432 1680 sed
1468 1645 1507 1681 et

248 1703 439 1742 historias
460 1704 661 1753 passionis
678 1718 831 1753 eorum,
849 1718 932 1742 una
952 1718 1046 1743 oum
1063 1706 1207 1744 ceteris
1227 1708 1508 1747 ecclesiasticis

248 1769 540 1817 uoluminibus,
581 1783 746 1808 summa
778 1770 981 1808 industria
1015 1784 1275 1821 congregans,
1311 1774 1509 1823 amplissi-

247 1847 361 1873 mam
384 1835 440 1872 ibi
464 1848 509 1873 ac
536 1835 840 1874 nobilissimam
862 1836 1155 1875 bibliothecam
1182 1838 1289 1886 fecit,
1321 1852 1396 1877 nec
1423 1853 1508 1878 non

248 1902 288 1938 et
316 1913 413 1938 uasa
440 1903 590 1949 sancta,
622 1903 662 1939 et
686 1902 917 1949 luminaria,
942 1902 1101 1952 aliaque
1124 1903 1374 1952 huiusmodi,
1405 1919 1508 1954 quae

246 1966 296 2004 ad
312 1968 506 2004 ornatum
524 1967 670 2004 domus
686 1967 763 2005 Dei
776 1968 997 2016 pertinent,
1018 1968 1320 2007 studiosissime
1333 1971 1503 2019 parauit.

247 2031 510 2069 Cantatorem
532 2045 694 2081 quoque
714 2033 936 2081 egregium,
961 2033 1158 2072 uocabulo
1183 2035 1333 2072 Maban
1347 2034 1369 2082 ¹,
1395 2037 1466 2085 qui
1485 2050 1508 2075 a

247 2097 546 2135 successoribus
585 2098 883 2147 discipulorum
927 2098 1036 2137 beati
1073 2113 1200 2149 papae
1239 2101 1425 2151 Gregorii
1462 2103 1507 2141 in

246 2162 390 2201 Cantia
420 2162 552 2201 fuerat
582 2163 776 2201 cantandi
810 2176 933 2201 sonos
962 2165 1139 2213 edoctus,
1175 2166 1225 2203 ad
1257 2179 1299 2204 se
1331 2180 1507 2217 suosque

245 2227 523 2266 instituendos
543 2229 737 2276 accersiit,
761 2242 805 2267 ac
834 2242 908 2278 per
927 2242 1057 2267 annos
1077 2230 1166 2268 XII
1185 2232 1322 2269 tenuit
1340 2247 1348 2280 3
1379 2234 1508 2282 quati-

246 2305 326 2331 nus
354 2295 404 2341 et,
430 2307 532 2343 quae
558 2294 621 2331 ilh·
648 2308 734 2332 non
760 2297 961 2333 nouerant
973 2294 997 2344 ²,
1029 2298 1211 2334 carmina
1234 2299 1507 2337 ecclesiastica

247 2358 434 2407 doceret;
465 2361 505 2397 et
532 2372 587 2408 ea,
620 2373 723 2409 quae
753 2361 959 2409 quondam
986 2362 1149 2411 cognita
1178 2362 1302 2412 longo
1331 2377 1409 2402 usu
1438 2364 1504 2402 uel

247 2424 505 2473 neglegentia
530 2425 762 2463 inueterare
789 2428 1021 2475 coeperunt,
1049 2427 1174 2465 huius
1200 2428 1385 2467 doctrina
1407 2430 1506 2479 pris-

249 2501 343 2527 cum
364 2493 662 2529 renouarentur
687 2492 731 2530 in
755 2494 921 2531 statum.
983 2492 1090 2531 Nam
1117 2496 1157 2531 et
1180 2493 1267 2543 ipse
1291 2495 1507 2545 episcopus

451 2582 461 2600 ¹
485 2583 608 2614 mafan
626 2584 664 2616 C.
795 2583 807 2602 ²
831 2587 940 2622 -runt‚
956 2588 1066 2616 altered
1083 2590 1110 2617 to
1125 2588 1221 2617 -rant
1237 2587 1284 2619 M.

1535 1059 1631 1094 Acca„

1535 1099 1657 1134 Bishop
1673 1100 1710 1127 of

1535 1138 1697 1173 Hexham‚

1534 1188 1561 1207 A.
1573 1187 1601 1207 D.
1619 1188 1679 1214 709.
