1803 2887
5 1265 11 1371 Ι

61 1585 101 1612 ib.

69 522 90 549 f.
109 530 141 556 ²7
155 529 182 550 a.

121 1585 136 1618 ‘ln

156 1594 193 1620 17.

668 180 844 218 auctore
859 174 861 176 ’
874 177 1124 232 Anonymo.
1438 181 1521 221 395

265 291 307 324 ut
341 289 387 324 ab
420 289 661 334 inproborum
696 288 913 334 inruptione
956 289 1143 325 securiora
1181 291 1364 333 redderet,
1400 292 1522 328 missis

265 348 419 383 Romam
443 347 647 393 legatariis,
675 346 874 392 epistolam
899 347 1095 392 priuilegii
1116 360 1138 383 a
1160 349 1293 384 beatae
1317 351 1521 386 memoriae

263 416 362 450 papa
400 405 526 451 Sergio
568 404 692 450 petiit⁷
736 407 774 440 et
815 405 974 450 accepit,
1012 405 1133 440 instar
1169 406 1280 445 illius,
1324 420 1436 451 quam
1475 410 1521 443 ab

262 464 459 508 Agathone
494 464 665 499 decessor
691 463 771 498 eius
804 463 1036 499 Benedictus
1061 465 1296 509 acceperatl.
1362 466 1457 500 Nam
1485 470 1524 502 et

261 521 370 563 uasis,
406 522 410 565 Ι
442 533 537 566 quae
563 522 610 556 ad
636 521 844 557 aecclesiae
870 522 933 557 uel
959 522 1090 557 altaris
1123 523 1285 557 officium
1319 524 1521 568 pertinent,

262 579 514 624 copiosissime
542 579 701 621 ditauit;
730 582 769 616 et
794 580 1077 621 bibliothecam,
1103 593 1216 625 quam
1243 582 1288 616 de
1317 582 1434 617 Roma
1459 584 1523 618 uel

260 637 353 683 ipse,
376 639 439 674 uel
466 639 693 674 Benedictus
723 639 924 681 adtulerat,
951 639 1132 675 nobiliter
1159 640 1371 685 ampliauit,
1399 641 1454 676 ita
1480 645 1522 677 ut

260 695 362 731 inter
383 696 460 731 alia
482 700 557 733 tres
584 698 792 733 Pandectes
809 698 954 733 faceret
980 698 1153 741 describi,
1178 710 1335 742 quorum
1360 700 1433 734 duo
1455 712 1522 745 per

258 754 420 790 totidem
446 767 513 790 sua
535 755 765 791 monasteria
785 756 912 801 posuit
935 755 974 790 in
1001 756 1204 798 aecclesiis,
1224 760 1267 792 ut
1285 758 1431 793 cunctis
1454 759 1519 803 qui

258 813 410 858 aliquod
422 814 632 859 capitulum
646 815 690 850 de
705 815 887 850 utrolibet
898 815 1142 851 Testamento
1156 816 1282 861 legere
1297 817 1519 861 uoluissent,

259 871 299 905 in
320 874 469 916 promtu
494 875 593 908 esset
621 872 794 908 inuenire
819 874 918 917 quod
943 874 1171 918 cuperent²;
1206 875 1365 910 tertium
1391 880 1518 912 autem

258 929 413 965 Romam
463 931 699 975 profecturus
749 932 887 966 donum
937 931 1051 967 beato
1102 932 1214 967 Petro
1264 935 1517 978 apostolorum

257 988 424 1034 principi
442 988 573 1024 offerre
593 988 762 1024 decreuit
772 988 795 1024 ³.

305 1057 359 1081 21.
386 1047 555 1091 Namque
580 1046 645 1081 ubi
671 1047 783 1093 longo
806 1047 882 1082 iam
906 1047 1011 1083 senio
1038 1048 1207 1084 defessus
1230 1049 1328 1084 uidit
1353 1063 1390 1086 se
1418 1052 1518 1087 ultra

257 1117 331 1140 non
364 1117 471 1150 posse
508 1105 722 1150 exemplum
758 1105 911 1151 pristini
947 1106 1086 1152 uigoris
1126 1107 1201 1142 suis
1238 1112 1516 1152 premonstrare

257 1163 452 1208 discipulis
464 1163 487 1203 4,
507 1163 656 1199 inuenit
681 1164 777 1200 utile
800 1164 1001 1200 consilium
1023 1168 1075 1206 ut,
1100 1165 1235 1201 relicto
1259 1166 1518 1204 iuuenioribus

255 1222 436 1268 regimine
475 1222 748 1267 monasteriali,
777 1223 857 1268 ipse
891 1224 1145 1268 apostolorum
1180 1224 1313 1260 limina
1347 1228 1515 1273 peregri-

255 1282 409 1315 naturus
432 1279 575 1324 adiret3
605 1280 731 1325 ibique
753 1281 912 1316 terrenis
936 1281 1126 1316 absolutus
1153 1281 1250 1317 curis
1274 1282 1375 1318 inter
1396 1284 1516 1321 libera

255 1339 465 1375 orat-ionum
492 1339 616 1374 studia
637 1339 738 1375 diem
762 1343 951 1385 spectaret
976 1340 1161 1382 ultimum,
1190 1340 1362 1376 imitatus
1391 1356 1515 1379 exem-

254 1397 358 1442 plum
374 1396 501 1432 fratris
516 1397 571 1432 sui
587 1398 791 1442 Cynefridi,
804 1398 878 1443 qui,
891 1398 989 1434 sicut
1003 1411 1114 1444 supra
1128 1402 1514 1444 commemorauimus,

254 1455 377 1491 studio
403 1455 505 1491 uitae
533 1457 853 1501 conteniplatiuae
880 1457 1099 1493 monasterii
1127 1470 1253 1493 curam
1277 1459 1446 1504 reliquit,
1475 1465 1513 1497 et

254 1515 415 1560 patriam
433 1517 587 1559 propter
604 1515 806 1550 Dominum
824 1519 1031 1561 spontaneo
1050 1517 1215 1551 mutauit
1234 1518 1376 1554 exsilio.

302 1583 356 1608 22.
383 1573 534 1608 Parauit
547 1573 665 1619 igitur
674 1586 821 1616 nauem,
834 1575 1023 1610 recensuit
1037 1575 1239 1621 legatarios
1254 1588 1346 1620 quos
1358 1578 1513 1613 Romam

254 1631 476 1675 destinaret,
511 1632 701 1667 ordinauit
727 1635 767 1668 et
800 1645 956 1669 munera
982 1645 1078 1678 quae
1104 1634 1217 1669 beato
1249 1635 1359 1670 Petro
1391 1640 1514 1672 essent

253 1690 463 1731 referenda,
483 1690 711 1726 sufficienter
728 1703 784 1727 ea.
803 1704 897 1736 quae
920 1694 1029 1727 tanto
1053 1694 1056 1736 1
1078 1692 1211 1728 itineri
1235 1696 1362 1733 essent
1384 1707 1514 1731 neces-

253 1748 360 1789 saria,
396 1748 623 1793 procurauit.
674 1749 745 1784 Sed
779 1751 877 1794 quod
914 1750 994 1795 ipse
1039 1763 1123 1785 cum
1160 1751 1218 1785 his
1256 1755 1354 1787 esset
1392 1753 1514 1789 iturus

252 1807 422 1842 consulte
438 1807 485 1841 ad
499 1809 648 1852 tempus
660 1808 809 1849 celauit,
825 1820 884 1850 ne,
902 1808 1092 1851 uidelicet,
1108 1809 1138 1843 si
1152 1810 1279 1854 palam
1292 1811 1514 1856 uulgaretur

252 1866 349 1910 quod
387 1868 638 1910 proposuerat,
682 1866 741 1901 uel
781 1867 1046 1912 prohiberetur
1087 1870 1126 1903 et
1164 1869 1423 1904 retardaretur
1465 1871 1512 1906 ab

251 1923 393 1962 amicis,
412 1924 475 1959 uel
493 1926 594 1959 certe
613 1936 635 1959 a
651 1925 821 1970 pluribus
842 1925 878 1961 ei
903 1926 1066 1970 pecunia
1086 1926 1295 1972 largiretur,
1319 1940 1410 1972 quos
1433 1929 1513 1974 ipse

251 1983 518 2018 remunerandi
536 1995 603 2018 nec
622 1984 785 2028 spatium
806 1984 900 2019 nec⁵
922 1984 1147 2020 facultatem
1169 1985 1337 2021 haberet.
1404 1987 1512 2023 Hanc

251 2040 396 2076 etenim
414 2053 564 2086 semper
580 2041 745 2077 habebat
763 2043 1077 2078 consuetudinem
1095 2043 1214 2077 animi
1233 2044 1399 2089 dapsilis,
1418 2048 1460 2080 ut
1483 2046 1513 2081 si

252 2099 367 2144 quid⁶
398 2099 433 2135 ei
458 2100 624 2135 muneris
650 2101 696 2135 ab
731 2100 881 2145 aliqua⁷
908 2101 982 2137 sive
1014 2102 1197 2137 maiorum
1231 2115 1296 2138 seu
1322 2103 1511 2139 minorum

251 2170 496 2204 personarum
514 2159 675 2200 daretur,
694 2171 931 2204 nequaquam
949 2160 1273 2196 inremuneratum
1287 2162 1511 2206 dimitteret,

251 2217 315 2252 sed
329 2216 505 2262 ampliori
523 2217 648 2262 sepius
666 2218 884 2264 largitorem
902 2231 1009 2253 suum
1025 2220 1150 2264 gratia
1166 2220 1336 2256 donaret.

295 2295 305 2313 ¹
329 2300 364 2328 et
374 2299 414 2328 ut
430 2299 491 2329 ab.
506 2322 513 2330 .
529 2324 535 2331 .
550 2302 731 2339 acceperat
745 2310 803 2331 om.
816 2301 849 2338 δ;
874 2303 995 2331 because
1011 2303 1127 2338 tlzesact
1139 2304 1164 2331 is
1175 2305 1271 2333 stated
1281 2305 1315 2333 in
1326 2306 1370 2333 the
1378 2313 1512 2341 passaqe

252 2353 444 2387 interpolatecl
447 2353 533 2388 from
548 2354 626 2382 Becle
644 2355 729 2382 below
741 2364 753 2390 ‚·
776 2357 841 2383 nole
856 2363 886 2392 3.
939 2352 953 2372 2
976 2357 1055 2384 Here
1071 2355 1087 2383 δ
1103 2357 1292 2392 interpolates
1309 2358 1316 2371 ‘
1328 2355 1411 2385 dato
1428 2365 1510 2394 quo-

252 2411 320 2441 que
337 2403 683 2443 cosmographiorum
701 2427 708 2435 .
729 2428 736 2435 .
754 2427 760 2434 .
779 2429 786 2436 .
804 2403 962 2445 emerat,'
972 2407 1059 2443 from
1075 2408 1154 2437 Becle
1169 2417 1200 2437 u.
1218 2417 1242 2436 s.
1397 2406 1409 2423 ³
1432 2409 1511 2438 Here

253 2454 269 2483 δ
286 2456 520 2492 substitutesfor
534 2466 556 2485 c.
574 2466 611 2485 21
628 2459 673 2486 the
681 2458 839 2495 followiny
845 2459 932 2494 from
949 2460 1026 2488 Bede
1044 2469 1076 2489 u.
1093 2468 1117 2489 s.
1137 2468 1175 2489 ce.
1200 2467 1248 2497 15,
1268 2458 1307 2488 16
1322 2469 1329 2489 :
1360 2459 1510 2490 ‘terram

250 2507 342 2536 etiam
359 2507 434 2536 octo
453 2530 460 2537 .
478 2530 486 2538 .
504 2531 510 2538 .
528 2508 673 2547 accepit.
710 2511 825 2538 Deinde
841 2509 961 2540 missis
978 2534 985 2542 .
1004 2534 1010 2541 .
1031 2534 1038 2541 .
1055 2520 1128 2540 non
1145 2510 1241 2541 latet.
1279 2511 1511 2550 Temporibus

249 2561 351 2587 autem
367 2559 429 2588 illis
444 2558 590 2589 tradens
608 2583 616 2590 .
632 2583 639 2590 .
659 2583 666 2590 .
684 2561 890 2592 seruarent.'
1032 2561 1044 2578 ¹
1068 2561 1109 2591 -li
1126 2562 1174 2593 H.
1322 2562 1334 2579 ⁵
1358 2572 1402 2593 ne
1420 2562 1465 2593 H.
1483 2563 1508 2593 δ.

247 2607 260 2625 ⁶
283 2610 362 2648 quit
378 2609 424 2641 H.
516 2609 526 2626 ⁷
551 2611 671 2650 aliquo
686 2612 714 2644 δ.

1542 1059 1591 1086 He
1605 1060 1709 1087 deter-

1541 1098 1647 1126 mines
1662 1101 1697 1126 to

1542 1138 1660 1173 resign,
1678 1140 1744 1166 and

1541 1186 1581 1212 go
1596 1186 1637 1205 on
1651 1178 1711 1212 pil-

1540 1217 1686 1253 grimage
1701 1220 1736 1244 to

1540 1257 1651 1286 Rome.
