1803 2887
72 1283 235 1311 Theodoro.

72 1322 197 1351 arrives
211 1325 245 1350 at

72 1363 206 1391 Canter-

72 1402 164 1436 bury,
182 1402 258 1436 May

72 1451 112 1476 27,
129 1443 190 1476 669.

75 1871 179 1905 Unity
192 1871 258 1898 and

75 1919 222 1945 progress
237 1910 273 1937 of

75 1951 132 1977 the
140 1950 278 1985 English

75 1989 207 2018 Church

76 2029 183 2057 under
198 2029 276 2056 him.

299 182 382 222 204
651 179 860 221 Historia
890 178 1195 220 Ecclesiastiect
1389 184 1475 225 [Lm.
1495 189 1548 219 iv.

296 295 491 333 aduersus
529 308 715 344 regnum,
750 294 864 333 cuius
902 297 1001 333 tunc
1033 295 1119 344 ipse
1156 293 1380 331 maximam
1414 305 1553 331 curam

297 360 473 410 gerebat.
536 360 614 399 Sed
635 373 730 398 cum
750 360 857 398 nihil
872 361 953 399 tale
973 360 1093 398 illum
1106 359 1255 398 habere
1274 358 1341 396 uel
1361 357 1552 395 habuisse

297 425 495 463 ueraciter
514 425 775 475 conperisset,
800 426 977 464 absoluit
998 438 1104 473 eum,
1125 426 1166 463 et
1180 425 1273 473 post
1292 422 1553 461 Theodorum

296 491 354 528 ire
389 490 585 540 permisit.
649 491 727 538 Qui
766 491 905 529 statim
938 493 985 529 ut
1015 490 1066 528 ad
1099 490 1219 527 illum
1252 489 1368 526 uenit
1383 487 1406 536 1,
1442 487 1554 526 dedit

297 556 334 593 ei
349 555 362 574 ²
381 555 678 593 monasterium
704 556 811 594 beati
831 556 946 594 Petri
966 555 1149 604 apostoli,
1173 554 1244 592 ubi
1262 553 1554 602 archiepiscopi

297 621 462 659 Cantiae
510 621 683 672 sepeliri,
731 623 778 659 ut
824 621 1028 670 praefatus
1077 634 1181 668 sum,
1233 619 1378 658 solent.
1439 619 1556 656 Prae·

299 688 486 735 ceperat3
506 688 618 725 enim
648 687 860 725 Theodoro
889 685 1059 724 abeunti
1088 686 1265 724 domnus
1294 684 1549 734 apostolicus,

299 754 345 790 ut
364 752 409 789 in
429 752 579 790 diocesi
605 765 677 790 sua
696 752 939 801 prouideret,
964 753 1005 789 et
1034 752 1148 789 daret
1171 751 1208 789 ei
1232 750 1380 798 locum,
1404 749 1449 787 in
1475 762 1555 798 quo

299 831 393 856 cum
414 819 498 856 suis
517 820 609 867 apte
629 818 773 867 degere
792 817 1002 866 potuisset.

852 985 971 1023 CAP.
997 984 1054 1023 II.

305 1088 341 1116 Ut
358 1087 499 1115 Theodoro
509 1088 617 1114 cuncta
627 1087 821 1122 peramante,
837 1085 1011 1120 Anqlornm
1027 1085 1161 1113 ecclesiae
1177 1093 1247 1113 cum
1259 1086 1403 1114 catholica
1419 1087 1554 1121 ueritas&

298 1139 469 1167 litterarum
493 1146 606 1173 quoque
629 1139 808 1166 sanctarum
831 1138 975 1171 coeperint
998 1138 1111 1165 studiis
1134 1138 1247 1173 immi,-
1279 1139 1305 1166 et
1331 1140 1364 1165 ut
1391 1138 1483 1166 Putz‘a
1502 1147 1558 1173 pro

516 1190 672 1218 Damiano
685 1186 695 1203 ‘¹
710 1188 873 1224 Hrofensz's
887 1189 1020 1217 ecclesiae
1035 1190 1074 1217 sii
1083 1190 1190 1224 sactus
1204 1190 1339 1219 antistes.

360 1267 578 1305 Pmmmm
594 1266 607 1285 ⁵
646 1267 785 1303 autem
825 1265 1063 1303 Theodorus
1101 1266 1150 1303 ad
1194 1266 1404 1304 ecclesiam
1442 1279 1558 1304 suam

300 1332 477 1370 secundo
506 1333 726 1380 postquam
756 1332 1013 1368 consecratus
1043 1333 1103 1368 est
1132 1344 1251 1379 anno,
1283 1332 1358 1369 sub
1388 1332 1553 1370 dies-VI.

301 1397 583 1435 Kalendarum
604 1396 821 1434 Iuniarum
834 1397 856 1444 θ,
882 1396 1096 1440 dominica,
1118 1398 1158 1434 et
1178 1396 1271 1434 fecit
1295 1397 1339 1434 in
1365 1410 1410 1434 ea
1429 1410 1559 1435 annos

300 1464 383 1501 XX
421 1464 462 1500 et
503 1475 646 1509 unum,
694 1475 856 1499 menses
894 1462 976 1507 III,
1017 1462 1102 1499 dies
1140 1462 1296 1500 XXVI.
1356 1462 1556 1511 Moxque⁷

300 1530 509 1578 peragrata
529 1528 664 1565 insula
683 1529 777 1576 tota,
803 1541 1133 1577 quaquauersum
1158 1528 1393 1577 Anglorum
1413 1530 1558 1576 gentes

301 1595 574 1641 morabantur,
599 1607 696 1631 nam
718 1595 758 1631 et
786 1593 1058 1631 libentissime
1078 1593 1128 1631 ab
1156 1594 1347 1631 omnibus
1374 1594 1560 1643 suscipie-

301 1660 429 1707 batur,
472 1661 594 1708 atque
635 1659 884 1707 audiebatur,
934 1660 1093 1696 rectum
1140 1659 1312 1697 uiuendi
1358 1660 1555 1707 ordinem,

303 1726 431 1763 ritum
485 1725 715 1762 celebrandi
766 1725 939 1773 paschae
988 1725 1241 1770 canonicum,
1293 1738 1366 1773 per
1422 1725 1559 1763 omnia

302 1791 524 1828 comitante
553 1792 593 1828 et
623 1792 866 1839 cooperante
900 1790 1110 1828 Hadriano
1141 1790 1443 1829 disseminabat.
1504 1791 1560 1829 Is-

304 1870 381 1906 que
401 1857 561 1905 primus
581 1857 665 1893 erat
684 1856 728 1893 in
747 1856 1069 1905 archiepiscopis,
1089 1857 1154 1893 cui
1170 1857 1305 1893 omnis
1325 1856 1559 1905 Anglorum

304 1922 469 1959 ecclesia
516 1934 665 1959 manus
703 1921 798 1959 dare
836 1922 1094 1960 consentiret.
1176 1922 1230 1958 Et
1277 1921 1372 1970 quia
1412 1922 1560 1960 litteris

304 1988 428 2026 sacris
462 1987 588 2025 simul
622 1988 662 2025 et
692 1987 974 2035 saecularibus,
1006 1988 1053 2024 ut
1081 1987 1271 2034 diximus,
1305 1988 1561 2026 abundanter

304 2053 424 2091 ambo
440 2054 557 2090 erant
571 2052 583 2072 Β
601 2053 802 2100 instructi,
823 2055 1064 2102 congregata
1077 2053 1374 2102 discipulorum
1387 2055 1556 2101 caterua,

304 2119 495 2156 scientiae
533 2118 721 2156 salutaris
759 2119 904 2156 cotidie
948 2118 1121 2156 flumina
1154 2120 1382 2168 inrigandis
1419 2132 1561 2157 eorum

305 2185 493 2222 cordibus
513 2184 760 2222 emanabant
779 2199 788 2232 3
815 2185 872 2222 ita
891 2185 938 2222 ut
957 2185 1081 2222 etiam
1101 2186 1291 2223 metricae
1311 2185 1419 2231 artis,
1440 2187 1562 2223 astro-

306 2251 477 2297 nomiae,
509 2248 512 2289 Ι
539 2251 580 2287 et
625 2249 920 2287 arithimeticae
966 2250 1257 2288 ecclesiasticae
1304 2251 1562 2300 disciplinam

304 2316 414 2352 inter
460 2327 668 2352 sacrorum
714 2315 877 2363 apicum
925 2314 1138 2352 uolumina
1185 2315 1269 2352 suis
1310 2314 1563 2352 auditoribus

351 2401 361 2418 ¹
382 2402 547 2441 peruenit
564 2402 601 2433 C.
618 2402 672 2433 ΒΞ.
759 2401 771 2418 ²
794 2403 826 2432 ei
842 2413 901 2433 om.
918 2402 965 2433 M.
1055 2402 1066 2419 ³
1089 2403 1236 2442 -ciperat
1252 2402 1312 2434 M¹.
1414 2401 1426 2419 4
1449 2413 1510 2434 -na
1527 2403 1563 2434 C.

306 2453 318 2470 ⁵
342 2456 430 2484 leere
446 2456 472 2483 is
488 2464 525 2483 no
541 2457 632 2484 mark
646 2456 709 2491 osa
725 2465 790 2485 new
805 2458 924 2492 chapter
934 2458 999 2484 here
1010 2457 1043 2485 in
1054 2458 1099 2485 the
1112 2459 1168 2485 tert
1180 2455 1253 2492 ofB
1267 2468 1278 2493 ;
1296 2459 1347 2485 but
1362 2466 1382 2486 α
1397 2458 1471 2486 later
1479 2458 1565 2486 hand

307 2509 365 2537 has
380 2509 508 2536 inserted
523 2510 679 2544 thefiyztre
695 2508 721 2537 ii
738 2518 776 2537 οη
793 2510 838 2537 the
853 2510 990 2545 maryin.
1133 2508 1144 2526 ⁶
1168 2508 1344 2538 iuniarum
1363 2511 1399 2545 by
1414 2507 1456 2538 13²
1469 2518 1508 2538 on
1522 2518 1565 2538 cm

307 2569 440 2589 erasure.
530 2557 541 2574 ⁷
566 2562 621 2589 The
646 2563 766 2596 chapter
793 2562 895 2597 beqz'ns
920 2563 992 2589 with
1017 2569 1168 2599 moxque
1193 2563 1376 2599 peragrata
1400 2560 1438 2590 in
1456 2560 1493 2591 C.
1510 2560 1564 2591 W.

308 2612 411 2650 Ol-„.
429 2611 549 2654 014-15.
569 2612 610 2642 D.
628 2612 678 2650 Rl.
770 2611 781 2628 3
802 2614 906 2643 erant
923 2623 982 2643 om.
997 2613 1038 2644 B.

1587 2258 1608 2286 f.
1627 2267 1656 2293 72
1671 2268 1699 2286 a.
