<?xml version="1.0" encoding="UTF-8"?>
<!DOCTYPE html PUBLIC "-//W3C//DTD XHTML 1.0 Transitional//EN"
    "http://www.w3.org/TR/xhtml1/DTD/xhtml1-transitional.dtd">
<html xmlns="http://www.w3.org/1999/xhtml" xml:lang="en" lang="en">
 <head>
  <title>
</title>
<meta http-equiv="Content-Type" content="text/html;charset=utf-8" />
  <meta name='ocr-system' content='tesseract 3.04.00' />
  <meta name='ocr-capabilities' content='ocr_page ocr_carea ocr_par ocr_line ocrx_word'/>
</head>
<body>
  <div class='ocr_page' id='page_1' title='image "./venerabilisbaeda00bedeuoft_0499.png"; bbox 0 0 1803 2887; ppageno 0'>
   <div class='ocr_carea' id='block_1_1' title="bbox 0 0 30 2340">
    <p class='ocr_par' dir='ltr' id='par_1_1' title="bbox 0 0 30 2340">
     <span class='ocr_line' id='line_1_1' title="bbox 0 0 30 2340; baseline 0 0"><span class='ocrx_word' id='word_1_1' title='bbox 0 0 30 2340; x_wconf 95' lang='lat' dir='ltr'> </span> 
     </span>
    </p>
   </div>
   <div class='ocr_carea' id='block_1_2' title="bbox 0 2230 3 2808">
    <p class='ocr_par' dir='ltr' id='par_1_2' title="bbox 0 2230 3 2808">
     <span class='ocr_line' id='line_1_2' title="bbox 0 2230 3 2808; baseline 0 0"><span class='ocrx_word' id='word_1_2' title='bbox 0 2230 3 2808; x_wconf 95' lang='lat' dir='ltr'> </span> 
     </span>
    </p>
   </div>
   <div class='ocr_carea' id='block_1_3' title="bbox 263 156 1518 212">
    <p class='ocr_par' dir='ltr' id='par_1_3' title="bbox 263 156 1518 212">
     <span class='ocr_line' id='line_1_3' title="bbox 263 156 1518 212; baseline 0.002 -13"><span class='ocrx_word' id='word_1_3' title='bbox 263 170 340 200; x_wconf 81' lang='lat' dir='ltr'>CAP.</span> <span class='ocrx_word' id='word_1_4' title='bbox 358 165 451 207; x_wconf 83' lang='lat' dir='ltr'>X11.]</span> <span class='ocrx_word' id='word_1_5' title='bbox 658 156 809 200; x_wconf 74' lang='lat' dir='ltr'>Gentis</span> <span class='ocrx_word' id='word_1_6' title='bbox 839 158 1110 212; x_wconf 64' lang='lat' dir='ltr'>Awgylorum.</span> <span class='ocrx_word' id='word_1_7' title='bbox 1433 161 1518 201; x_wconf 88' lang='lat'>309</span> 
     </span>
    </p>
   </div>
   <div class='ocr_carea' id='block_1_4' title="bbox 249 272 1520 2351">
    <p class='ocr_par' dir='ltr' id='par_1_4' title="bbox 254 272 1520 1225">
     <span class='ocr_line' id='line_1_4' title="bbox 259 272 1517 323; baseline 0.001 -12"><span class='ocrx_word' id='word_1_8' title='bbox 259 287 304 311; x_wconf 85' lang='lat' dir='ltr'>ac</span> <span class='ocrx_word' id='word_1_9' title='bbox 333 273 549 323; x_wconf 80' lang='lat' dir='ltr'>splendore</span> <span class='ocrx_word' id='word_1_10' title='bbox 578 273 680 310; x_wconf 90' lang='lat' dir='ltr'>lucis</span> <span class='ocrx_word' id='word_1_11' title='bbox 710 272 871 311; x_wconf 86' lang='lat' dir='ltr'>audisti.</span> <span class='ocrx_word' id='word_1_12' title='bbox 932 273 994 310; x_wconf 87' lang='lat' dir='ltr'>Tu</span> <span class='ocrx_word' id='word_1_13' title='bbox 1021 275 1171 320; x_wconf 85' lang='lat' dir='ltr'>autem,</span> <span class='ocrx_word' id='word_1_14' title='bbox 1203 272 1298 322; x_wconf 83' lang='lat' dir='ltr'>quia</span> <span class='ocrx_word' id='word_1_15' title='bbox 1327 287 1437 311; x_wconf 90' lang='lat' dir='ltr'>nunc</span> <span class='ocrx_word' id='word_1_16' title='bbox 1467 275 1517 312; x_wconf 85' lang='lat' dir='ltr'>ad</span> 
     </span>
     <span class='ocr_line' id='line_1_5' title="bbox 261 338 1512 388; baseline 0.001 -12"><span class='ocrx_word' id='word_1_17' title='bbox 261 352 404 388; x_wconf 86' lang='lat' dir='ltr'>corpus</span> <span class='ocrx_word' id='word_1_18' title='bbox 424 338 582 386; x_wconf 85' lang='lat' dir='ltr'>reuerti,</span> <span class='ocrx_word' id='word_1_19' title='bbox 608 340 647 376; x_wconf 85' lang='lat' dir='ltr'>et</span> <span class='ocrx_word' id='word_1_20' title='bbox 667 351 831 376; x_wconf 89' lang='lat' dir='ltr'>rursum</span> <span class='ocrx_word' id='word_1_21' title='bbox 858 338 968 376; x_wconf 88' lang='lat' dir='ltr'>inter</span> <span class='ocrx_word' id='word_1_22' title='bbox 994 338 1185 376; x_wconf 89' lang='lat' dir='ltr'>homines</span> <span class='ocrx_word' id='word_1_23' title='bbox 1211 338 1351 376; x_wconf 89' lang='lat' dir='ltr'>uiuere</span> <span class='ocrx_word' id='word_1_24' title='bbox 1380 339 1512 380; x_wconf 82' lang='lat' dir='ltr'>debes.</span> 
     </span>
     <span class='ocr_line' id='line_1_6' title="bbox 260 403 1518 453; baseline 0 -11"><span class='ocrx_word' id='word_1_25' title='bbox 260 404 294 442; x_wconf 89' lang='lat' dir='ltr'>si</span> <span class='ocrx_word' id='word_1_26' title='bbox 313 406 428 442; x_wconf 85' lang='lat' dir='ltr'>actus</span> <span class='ocrx_word' id='word_1_27' title='bbox 448 407 540 441; x_wconf 87' lang='lat' dir='ltr'>tuos</span> <span class='ocrx_word' id='word_1_28' title='bbox 561 403 757 441; x_wconf 81' lang='lat' dir='ltr'>curiosius</span> <span class='ocrx_word' id='word_1_29' title='bbox 777 403 988 450; x_wconf 81' lang='lat' dir='ltr'>discutere,</span> <span class='ocrx_word' id='word_1_30' title='bbox 1014 406 1055 441; x_wconf 85' lang='lat' dir='ltr'>et</span> <span class='ocrx_word' id='word_1_31' title='bbox 1075 417 1209 441; x_wconf 92' lang='lat' dir='ltr'>mores</span> <span class='ocrx_word' id='word_1_32' title='bbox 1229 417 1518 453; x_wconf 74' lang='lat' dir='ltr'>sermonesque</span> 
     </span>
     <span class='ocr_line' id='line_1_7' title="bbox 258 468 1512 517; baseline 0 -10"><span class='ocrx_word' id='word_1_33' title='bbox 258 471 351 507; x_wconf 90' lang='lat' dir='ltr'>tuos</span> <span class='ocrx_word' id='word_1_34' title='bbox 384 469 429 506; x_wconf 92' lang='lat' dir='ltr'>in</span> <span class='ocrx_word' id='word_1_35' title='bbox 458 469 701 506; x_wconf 75' lang='lat' dir='ltr'>rectitudine</span> <span class='ocrx_word' id='word_1_36' title='bbox 730 482 774 506; x_wconf 88' lang='lat' dir='ltr'>ac</span> <span class='ocrx_word' id='word_1_37' title='bbox 804 468 1068 517; x_wconf 70' lang='lat' dir='ltr'>simplicitate</span> <span class='ocrx_word' id='word_1_38' title='bbox 1100 481 1261 506; x_wconf 85' lang='lat' dir='ltr'>seruare</span> <span class='ocrx_word' id='word_1_39' title='bbox 1295 469 1512 511; x_wconf 82' lang='lat' dir='ltr'>studueris.</span> 
     </span>
     <span class='ocr_line' id='line_1_8' title="bbox 258 534 1520 583; baseline 0.001 -12"><span class='ocrx_word' id='word_1_40' title='bbox 258 534 430 583; x_wconf 80' lang='lat' dir='ltr'>accipies</span> <span class='ocrx_word' id='word_1_41' title='bbox 461 536 501 571; x_wconf 84' lang='lat' dir='ltr'>et</span> <span class='ocrx_word' id='word_1_42' title='bbox 532 534 618 583; x_wconf 90' lang='lat' dir='ltr'>ipse</span> <span class='ocrx_word' id='word_1_43' title='bbox 648 535 739 582; x_wconf 84' lang='lat' dir='ltr'>post</span> <span class='ocrx_word' id='word_1_44' title='bbox 770 535 947 571; x_wconf 88' lang='lat' dir='ltr'>mortem</span> <span class='ocrx_word' id='word_1_45' title='bbox 985 534 1123 572; x_wconf 89' lang='lat' dir='ltr'>locum</span> <span class='ocrx_word' id='word_1_46' title='bbox 1154 534 1382 572; x_wconf 79' lang='lat' dir='ltr'>mansionis</span> <span class='ocrx_word' id='word_1_47' title='bbox 1410 534 1520 572; x_wconf 89' lang='lat' dir='ltr'>inter</span> 
     </span>
     <span class='ocr_line' id='line_1_9' title="bbox 258 599 1518 649; baseline 0 -12"><span class='ocrx_word' id='word_1_48' title='bbox 258 600 367 643; x_wconf 75' lang='lat' dir='ltr'>haec,</span> <span class='ocrx_word' id='word_1_49' title='bbox 401 613 502 649; x_wconf 86' lang='lat' dir='ltr'>quae</span> <span class='ocrx_word' id='word_1_50' title='bbox 527 599 668 646; x_wconf 85' lang='lat' dir='ltr'>cernis,</span> <span class='ocrx_word' id='word_1_51' title='bbox 702 599 865 648; x_wconf 77' lang='lat' dir='ltr'>agmina</span> <span class='ocrx_word' id='word_1_52' title='bbox 896 599 1143 637; x_wconf 81' lang='lat' dir='ltr'>laetabunda</span> <span class='ocrx_word' id='word_1_53' title='bbox 1176 599 1397 648; x_wconf 78' lang='lat' dir='ltr'>spirituum</span> <span class='ocrx_word' id='word_1_54' title='bbox 1431 600 1518 638; x_wconf 90' lang='lat' dir='ltr'>bea-</span> 
     </span>
     <span class='ocr_line' id='line_1_10' title="bbox 257 664 1515 714; baseline 0 -12"><span class='ocrx_word' id='word_1_55' title='bbox 257 667 406 703; x_wconf 88' lang='lat' dir='ltr'>torum.</span> <span class='ocrx_word' id='word_1_56' title='bbox 468 665 656 713; x_wconf 85' lang='lat' dir='ltr'>Namque</span> <span class='ocrx_word' id='word_1_57' title='bbox 691 677 774 714; x_wconf 83' lang='lat' dir='ltr'>ego,</span> <span class='ocrx_word' id='word_1_58' title='bbox 811 677 905 702; x_wconf 88' lang='lat' dir='ltr'>cum</span> <span class='ocrx_word' id='word_1_59' title='bbox 940 665 990 702; x_wconf 89' lang='lat' dir='ltr'>ad</span> <span class='ocrx_word' id='word_1_60' title='bbox 1028 666 1194 713; x_wconf 84' lang='lat' dir='ltr'>tempus</span> <span class='ocrx_word' id='word_1_61' title='bbox 1231 664 1515 702; x_wconf 75' lang='lat' dir='ltr'>abscessissem</span> 
     </span>
     <span class='ocr_line' id='line_1_11' title="bbox 258 729 1515 780; baseline 0 -12"><span class='ocrx_word' id='word_1_62' title='bbox 258 743 280 768; x_wconf 82' lang='lat' dir='ltr'>a</span> <span class='ocrx_word' id='word_1_63' title='bbox 306 732 356 777; x_wconf 87' lang='lat' dir='ltr'>te,</span> <span class='ocrx_word' id='word_1_64' title='bbox 390 730 439 768; x_wconf 88' lang='lat' dir='ltr'>ad</span> <span class='ocrx_word' id='word_1_65' title='bbox 472 730 546 767; x_wconf 93' lang='lat' dir='ltr'>hoc</span> <span class='ocrx_word' id='word_1_66' title='bbox 575 730 661 777; x_wconf 85' lang='lat' dir='ltr'>feci,</span> <span class='ocrx_word' id='word_1_67' title='bbox 694 732 751 776; x_wconf 90' lang='lat' dir='ltr'>ut,</span> <span class='ocrx_word' id='word_1_68' title='bbox 786 730 883 778; x_wconf 87' lang='lat' dir='ltr'>quid</span> <span class='ocrx_word' id='word_1_69' title='bbox 914 730 963 767; x_wconf 89' lang='lat' dir='ltr'>de</span> <span class='ocrx_word' id='word_1_70' title='bbox 991 731 1032 767; x_wconf 90' lang='lat' dir='ltr'>te</span> <span class='ocrx_word' id='word_1_71' title='bbox 1067 729 1156 767; x_wconf 90' lang='lat' dir='ltr'>fieri</span> <span class='ocrx_word' id='word_1_72' title='bbox 1186 730 1364 777; x_wconf 77' lang='lat' dir='ltr'>deberet,</span> <span class='ocrx_word' id='word_1_73' title='bbox 1396 744 1515 780; x_wconf 83' lang='lat' dir='ltr'>agno-</span> 
     </span>
     <span class='ocr_line' id='line_1_12' title="bbox 257 795 1516 842; baseline 0.002 -10"><span class='ocrx_word' id='word_1_74' title='bbox 257 796 451 834; x_wconf 82' lang='lat' dir='ltr'>scerem.”</span> <span class='ocrx_word' id='word_1_75' title='bbox 507 795 619 833; x_wconf 90' lang='lat' dir='ltr'>Haec</span> <span class='ocrx_word' id='word_1_76' title='bbox 640 795 746 832; x_wconf 91' lang='lat' dir='ltr'>mihi</span> <span class='ocrx_word' id='word_1_77' title='bbox 766 808 861 832; x_wconf 90' lang='lat' dir='ltr'>cum</span> <span class='ocrx_word' id='word_1_78' title='bbox 881 795 1062 842; x_wconf 74' lang='lat' dir='ltr'>dixisset,</span> <span class='ocrx_word' id='word_1_79' title='bbox 1087 795 1270 833; x_wconf 89' lang='lat' dir='ltr'>multum</span> <span class='ocrx_word' id='word_1_80' title='bbox 1291 795 1516 834; x_wconf 87' lang='lat' dir='ltr'>detestatus</span> 
     </span>
     <span class='ocr_line' id='line_1_13' title="bbox 257 860 1514 910; baseline 0 -12"><span class='ocrx_word' id='word_1_81' title='bbox 257 873 349 898; x_wconf 87' lang='lat' dir='ltr'>sum</span> <span class='ocrx_word' id='word_1_82' title='bbox 363 861 514 898; x_wconf 86' lang='lat' dir='ltr'>reuerti</span> <span class='ocrx_word' id='word_1_83' title='bbox 534 861 584 898; x_wconf 85' lang='lat' dir='ltr'>ad</span> <span class='ocrx_word' id='word_1_84' title='bbox 605 873 761 910; x_wconf 79' lang='lat' dir='ltr'>coerS,</span> <span class='ocrx_word' id='word_1_85' title='bbox 783 860 1008 898; x_wconf 83' lang='lat' dir='ltr'>delectatus</span> <span class='ocrx_word' id='word_1_86' title='bbox 1027 860 1227 898; x_wconf 88' lang='lat' dir='ltr'>nimirum</span> <span class='ocrx_word' id='word_1_87' title='bbox 1248 861 1450 898; x_wconf 82' lang='lat' dir='ltr'>suauitate</span> <span class='ocrx_word' id='word_1_88' title='bbox 1470 874 1514 899; x_wconf 87' lang='lat' dir='ltr'>ac</span> 
     </span>
     <span class='ocr_line' id='line_1_14' title="bbox 256 925 1514 974; baseline 0.001 -11"><span class='ocrx_word' id='word_1_89' title='bbox 256 926 398 964; x_wconf 89' lang='lat' dir='ltr'>decore</span> <span class='ocrx_word' id='word_1_90' title='bbox 431 926 509 963; x_wconf 90' lang='lat' dir='ltr'>loci</span> <span class='ocrx_word' id='word_1_91' title='bbox 538 926 661 973; x_wconf 90' lang='lat' dir='ltr'>illius,</span> <span class='ocrx_word' id='word_1_92' title='bbox 695 938 818 974; x_wconf 83' lang='lat' dir='ltr'>quem</span> <span class='ocrx_word' id='word_1_93' title='bbox 848 925 1049 973; x_wconf 86' lang='lat' dir='ltr'>intuebar,</span> <span class='ocrx_word' id='word_1_94' title='bbox 1084 926 1209 963; x_wconf 90' lang='lat' dir='ltr'>simul</span> <span class='ocrx_word' id='word_1_95' title='bbox 1238 928 1278 963; x_wconf 85' lang='lat' dir='ltr'>et</span> <span class='ocrx_word' id='word_1_96' title='bbox 1308 927 1514 965; x_wconf 89' lang='lat' dir='ltr'>consortio</span> 
     </span>
     <span class='ocr_line' id='line_1_15' title="bbox 255 990 1514 1040; baseline 0.001 -12"><span class='ocrx_word' id='word_1_97' title='bbox 255 1004 408 1038; x_wconf 87' lang='lat' dir='ltr'>eorum,</span> <span class='ocrx_word' id='word_1_98' title='bbox 451 1004 554 1040; x_wconf 88' lang='lat' dir='ltr'>quos</span> <span class='ocrx_word' id='word_1_99' title='bbox 590 991 634 1028; x_wconf 87' lang='lat' dir='ltr'>in</span> <span class='ocrx_word' id='word_1_100' title='bbox 673 991 744 1028; x_wconf 93' lang='lat' dir='ltr'>illo</span> <span class='ocrx_word' id='word_1_101' title='bbox 785 990 988 1028; x_wconf 87' lang='lat' dir='ltr'>uidebam.</span> <span class='ocrx_word' id='word_1_102' title='bbox 1058 991 1142 1028; x_wconf 87' lang='lat' dir='ltr'>Nec</span> <span class='ocrx_word' id='word_1_103' title='bbox 1181 993 1321 1029; x_wconf 90' lang='lat' dir='ltr'>tamen</span> <span class='ocrx_word' id='word_1_104' title='bbox 1359 991 1514 1040; x_wconf 84' lang='lat' dir='ltr'>aliquid</span> 
     </span>
     <span class='ocr_line' id='line_1_16' title="bbox 255 1056 1515 1105; baseline 0.002 -12"><span class='ocrx_word' id='word_1_105' title='bbox 255 1056 466 1094; x_wconf 84' lang='lat' dir='ltr'>ductorem</span> <span class='ocrx_word' id='word_1_106' title='bbox 511 1069 652 1093; x_wconf 86' lang='lat' dir='ltr'>meum</span> <span class='ocrx_word' id='word_1_107' title='bbox 696 1069 836 1105; x_wconf 83' lang='lat' dir='ltr'>rogare</span> <span class='ocrx_word' id='word_1_108' title='bbox 878 1056 1103 1104; x_wconf 83' lang='lat' dir='ltr'>audeban13</span> <span class='ocrx_word' id='word_1_109' title='bbox 1151 1057 1220 1094; x_wconf 88' lang='lat' dir='ltr'>sed</span> <span class='ocrx_word' id='word_1_110' title='bbox 1265 1057 1374 1094; x_wconf 89' lang='lat' dir='ltr'>inter</span> <span class='ocrx_word' id='word_1_111' title='bbox 1417 1057 1515 1095; x_wconf 83' lang='lat' dir='ltr'>haec</span> 
     </span>
     <span class='ocr_line' id='line_1_17' title="bbox 255 1121 1516 1171; baseline 0.001 -12"><span class='ocrx_word' id='word_1_112' title='bbox 255 1122 391 1160; x_wconf 87' lang='lat' dir='ltr'>nescio</span> <span class='ocrx_word' id='word_1_113' title='bbox 426 1135 505 1171; x_wconf 84' lang='lat' dir='ltr'>quo</span> <span class='ocrx_word' id='word_1_114' title='bbox 539 1122 681 1159; x_wconf 87' lang='lat' dir='ltr'>ordine</span> <span class='ocrx_word' id='word_1_115' title='bbox 715 1124 883 1171; x_wconf 89' lang='lat' dir='ltr'>repente</span> <span class='ocrx_word' id='word_1_116' title='bbox 917 1135 983 1159; x_wconf 90' lang='lat' dir='ltr'>me</span> <span class='ocrx_word' id='word_1_117' title='bbox 1016 1121 1125 1159; x_wconf 90' lang='lat' dir='ltr'>inter</span> <span class='ocrx_word' id='word_1_118' title='bbox 1155 1122 1346 1160; x_wconf 88' lang='lat' dir='ltr'>homines</span> <span class='ocrx_word' id='word_1_119' title='bbox 1377 1122 1516 1160; x_wconf 87' lang='lat' dir='ltr'>uiuere</span> 
     </span>
     <span class='ocr_line' id='line_1_18' title="bbox 254 1188 400 1225; baseline 0.007 -1"><span class='ocrx_word' id='word_1_120' title='bbox 254 1188 400 1225; x_wconf 85' lang='lat' dir='ltr'>cerno.’</span> 
     </span>
    </p>

    <p class='ocr_par' dir='ltr' id='par_1_5' title="bbox 249 1252 1517 2351">
     <span class='ocr_line' id='line_1_19' title="bbox 308 1252 1514 1301; baseline 0.001 -11"><span class='ocrx_word' id='word_1_121' title='bbox 308 1253 420 1290; x_wconf 89' lang='lat' dir='ltr'>Haec</span> <span class='ocrx_word' id='word_1_122' title='bbox 455 1254 494 1290; x_wconf 86' lang='lat' dir='ltr'>et</span> <span class='ocrx_word' id='word_1_123' title='bbox 525 1252 614 1299; x_wconf 86' lang='lat' dir='ltr'>alia,</span> <span class='ocrx_word' id='word_1_124' title='bbox 652 1265 755 1301; x_wconf 89' lang='lat' dir='ltr'>quae</span> <span class='ocrx_word' id='word_1_125' title='bbox 784 1252 954 1300; x_wconf 85' lang='lat' dir='ltr'>uiderat,</span> <span class='ocrx_word' id='word_1_126' title='bbox 989 1253 1100 1291; x_wconf 89' lang='lat' dir='ltr'>idem</span> <span class='ocrx_word' id='word_1_127' title='bbox 1119 1253 1185 1290; x_wconf 90' lang='lat' dir='ltr'>uir</span> <span class='ocrx_word' id='word_1_128' title='bbox 1213 1252 1393 1297; x_wconf 82' lang='lat' dir='ltr'>Domini,</span> <span class='ocrx_word' id='word_1_129' title='bbox 1429 1267 1514 1291; x_wconf 89' lang='lat' dir='ltr'>non</span> 
     </span>
     <span class='ocr_line' id='line_1_20' title="bbox 254 1318 1515 1367; baseline 0 -11"><span class='ocrx_word' id='word_1_130' title='bbox 254 1318 446 1356; x_wconf 85' lang='lat' dir='ltr'>omnibus</span> <span class='ocrx_word' id='word_1_131' title='bbox 483 1318 637 1367; x_wconf 88' lang='lat' dir='ltr'>passim</span> <span class='ocrx_word' id='word_1_132' title='bbox 675 1318 888 1356; x_wconf 86' lang='lat' dir='ltr'>desidiosis</span> <span class='ocrx_word' id='word_1_133' title='bbox 926 1331 971 1356; x_wconf 82' lang='lat' dir='ltr'>ac</span> <span class='ocrx_word' id='word_1_134' title='bbox 1010 1319 1120 1356; x_wconf 88' lang='lat' dir='ltr'>uitae</span> <span class='ocrx_word' id='word_1_135' title='bbox 1167 1331 1262 1356; x_wconf 86' lang='lat' dir='ltr'>suae</span> <span class='ocrx_word' id='word_1_136' title='bbox 1300 1318 1515 1356; x_wconf 86' lang='lat' dir='ltr'>incuriosis</span> 
     </span>
     <span class='ocr_line' id='line_1_21' title="bbox 254 1383 1513 1432; baseline 0 -11"><span class='ocrx_word' id='word_1_137' title='bbox 254 1384 404 1421; x_wconf 87' lang='lat' dir='ltr'>referre</span> <span class='ocrx_word' id='word_1_138' title='bbox 432 1383 608 1431; x_wconf 83' lang='lat' dir='ltr'>uolebat,</span> <span class='ocrx_word' id='word_1_139' title='bbox 633 1384 703 1421; x_wconf 85' lang='lat' dir='ltr'>sed</span> <span class='ocrx_word' id='word_1_140' title='bbox 731 1384 814 1421; x_wconf 90' lang='lat' dir='ltr'>illis</span> <span class='ocrx_word' id='word_1_141' title='bbox 843 1384 1116 1432; x_wconf 86' lang='lat' dir='ltr'>solummodo,</span> <span class='ocrx_word' id='word_1_142' title='bbox 1142 1383 1213 1432; x_wconf 85' lang='lat' dir='ltr'>qui</span> <span class='ocrx_word' id='word_1_143' title='bbox 1239 1384 1306 1420; x_wconf 89' lang='lat' dir='ltr'>uel</span> <span class='ocrx_word' id='word_1_144' title='bbox 1333 1385 1513 1421; x_wconf 86' lang='lat' dir='ltr'>tormen-</span> 
     </span>
     <span class='ocr_line' id='line_1_22' title="bbox 251 1449 1516 1499; baseline -0.001 -12"><span class='ocrx_word' id='word_1_145' title='bbox 251 1451 388 1487; x_wconf 91' lang='lat' dir='ltr'>torum</span> <span class='ocrx_word' id='word_1_146' title='bbox 417 1451 532 1487; x_wconf 90' lang='lat' dir='ltr'>metu</span> <span class='ocrx_word' id='word_1_147' title='bbox 562 1449 777 1498; x_wconf 83' lang='lat' dir='ltr'>perterriti,</span> <span class='ocrx_word' id='word_1_148' title='bbox 809 1450 876 1487; x_wconf 86' lang='lat' dir='ltr'>uel</span> <span class='ocrx_word' id='word_1_149' title='bbox 907 1463 978 1498; x_wconf 91' lang='lat' dir='ltr'>spe</span> <span class='ocrx_word' id='word_1_150' title='bbox 1001 1449 1243 1499; x_wconf 75' lang='lat' dir='ltr'>gaudiorum</span> <span class='ocrx_word' id='word_1_151' title='bbox 1270 1449 1516 1498; x_wconf 85' lang='lat' dir='ltr'>perennium</span> 
     </span>
     <span class='ocr_line' id='line_1_23' title="bbox 251 1514 1512 1564; baseline -0.001 -12"><span class='ocrx_word' id='word_1_152' title='bbox 251 1515 449 1563; x_wconf 83' lang='lat' dir='ltr'>delectati,</span> <span class='ocrx_word' id='word_1_153' title='bbox 488 1515 717 1564; x_wconf 89' lang='lat' dir='ltr'>profectum</span> <span class='ocrx_word' id='word_1_154' title='bbox 752 1515 919 1564; x_wconf 87' lang='lat' dir='ltr'>pietatis</span> <span class='ocrx_word' id='word_1_155' title='bbox 951 1528 1000 1552; x_wconf 79' lang='lat' dir='ltr'>ex</span> <span class='ocrx_word' id='word_1_156' title='bbox 1035 1515 1123 1553; x_wconf 88' lang='lat' dir='ltr'>eius</span> <span class='ocrx_word' id='word_1_157' title='bbox 1154 1515 1292 1552; x_wconf 88' lang='lat' dir='ltr'>uerbis</span> <span class='ocrx_word' id='word_1_158' title='bbox 1329 1514 1512 1552; x_wconf 79' lang='lat' dir='ltr'>haurire¹</span> 
     </span>
     <span class='ocr_line' id='line_1_24' title="bbox 250 1579 1515 1629; baseline 0 -11"><span class='ocrx_word' id='word_1_159' title='bbox 250 1581 444 1618; x_wconf 86' lang='lat' dir='ltr'>uolebant</span> <span class='ocrx_word' id='word_1_160' title='bbox 457 1579 481 1618; x_wconf 79' lang='lat'>².</span> <span class='ocrx_word' id='word_1_161' title='bbox 542 1580 732 1629; x_wconf 88' lang='lat' dir='ltr'>Denique</span> <span class='ocrx_word' id='word_1_162' title='bbox 752 1581 797 1617; x_wconf 92' lang='lat' dir='ltr'>in</span> <span class='ocrx_word' id='word_1_163' title='bbox 816 1580 971 1618; x_wconf 85' lang='lat' dir='ltr'>uicinia</span> <span class='ocrx_word' id='word_1_164' title='bbox 985 1581 996 1599; x_wconf 79' lang='lat'>³</span> <span class='ocrx_word' id='word_1_165' title='bbox 1018 1581 1142 1618; x_wconf 89' lang='lat' dir='ltr'>cellae</span> <span class='ocrx_word' id='word_1_166' title='bbox 1166 1581 1281 1618; x_wconf 90' lang='lat' dir='ltr'>illius</span> <span class='ocrx_word' id='word_1_167' title='bbox 1307 1581 1515 1618; x_wconf 74' lang='lat' dir='ltr'>habitabat</span> 
     </span>
     <span class='ocr_line' id='line_1_25' title="bbox 251 1645 1517 1696; baseline 0.001 -13"><span class='ocrx_word' id='word_1_168' title='bbox 251 1647 419 1695; x_wconf 86' lang='lat' dir='ltr'>quidam</span> <span class='ocrx_word' id='word_1_169' title='bbox 451 1645 688 1692; x_wconf 86' lang='lat' dir='ltr'>monachus,</span> <span class='ocrx_word' id='word_1_170' title='bbox 723 1646 892 1683; x_wconf 88' lang='lat' dir='ltr'>nomine</span> <span class='ocrx_word' id='word_1_171' title='bbox 922 1646 1139 1696; x_wconf 77' lang='lat' dir='ltr'>Haemgils</span> <span class='ocrx_word' id='word_1_172' title='bbox 1151 1647 1175 1693; x_wconf 72' lang='lat'>⁴,</span> <span class='ocrx_word' id='word_1_173' title='bbox 1209 1647 1517 1696; x_wconf 70' lang='lat' dir='ltr'>presbyteratus</span> 
     </span>
     <span class='ocr_line' id='line_1_26' title="bbox 251 1711 1516 1761; baseline 0 -12"><span class='ocrx_word' id='word_1_174' title='bbox 251 1712 385 1759; x_wconf 79' lang='lat' dir='ltr'>etiam,</span> <span class='ocrx_word' id='word_1_175' title='bbox 425 1725 547 1760; x_wconf 85' lang='lat' dir='ltr'>quem</span> <span class='ocrx_word' id='word_1_176' title='bbox 588 1711 709 1748; x_wconf 89' lang='lat' dir='ltr'>bonis</span> <span class='ocrx_word' id='word_1_177' title='bbox 747 1712 904 1749; x_wconf 87' lang='lat' dir='ltr'>actibus</span> <span class='ocrx_word' id='word_1_178' title='bbox 944 1712 1204 1761; x_wconf 82' lang='lat' dir='ltr'>adaequabat,</span> <span class='ocrx_word' id='word_1_179' title='bbox 1241 1713 1370 1761; x_wconf 85' lang='lat' dir='ltr'>gradu</span> <span class='ocrx_word' id='word_1_180' title='bbox 1408 1725 1516 1761; x_wconf 86' lang='lat' dir='ltr'>prae-</span> 
     </span>
     <span class='ocr_line' id='line_1_27' title="bbox 250 1777 1514 1826; baseline 0.001 -13"><span class='ocrx_word' id='word_1_181' title='bbox 250 1777 426 1824; x_wconf 86' lang='lat' dir='ltr'>minens,</span> <span class='ocrx_word' id='word_1_182' title='bbox 471 1777 541 1826; x_wconf 88' lang='lat' dir='ltr'>qui</span> <span class='ocrx_word' id='word_1_183' title='bbox 581 1777 713 1814; x_wconf 87' lang='lat' dir='ltr'>adhuc</span> <span class='ocrx_word' id='word_1_184' title='bbox 753 1779 948 1826; x_wconf 86' lang='lat' dir='ltr'>superest,</span> <span class='ocrx_word' id='word_1_185' title='bbox 985 1779 1025 1815; x_wconf 86' lang='lat' dir='ltr'>et</span> <span class='ocrx_word' id='word_1_186' title='bbox 1062 1777 1107 1814; x_wconf 91' lang='lat' dir='ltr'>in</span> <span class='ocrx_word' id='word_1_187' title='bbox 1140 1777 1344 1815; x_wconf 85' lang='lat' dir='ltr'>Hibernia</span> <span class='ocrx_word' id='word_1_188' title='bbox 1376 1777 1514 1815; x_wconf 84' lang='lat' dir='ltr'>insula</span> 
     </span>
     <span class='ocr_line' id='line_1_28' title="bbox 250 1842 1513 1892; baseline 0.001 -13"><span class='ocrx_word' id='word_1_189' title='bbox 250 1842 456 1879; x_wconf 88' lang='lat' dir='ltr'>solitarius</span> <span class='ocrx_word' id='word_1_190' title='bbox 476 1842 668 1880; x_wconf 88' lang='lat' dir='ltr'>ultimam</span> <span class='ocrx_word' id='word_1_191' title='bbox 689 1842 798 1880; x_wconf 90' lang='lat' dir='ltr'>uitae</span> <span class='ocrx_word' id='word_1_192' title='bbox 817 1844 992 1880; x_wconf 84' lang='lat' dir='ltr'>aetatem</span> <span class='ocrx_word' id='word_1_193' title='bbox 1009 1855 1113 1891; x_wconf 87' lang='lat' dir='ltr'>pane</span> <span class='ocrx_word' id='word_1_194' title='bbox 1134 1842 1284 1880; x_wconf 81' lang='lat' dir='ltr'>cibario</span> <span class='ocrx_word' id='word_1_195' title='bbox 1303 1845 1343 1880; x_wconf 86' lang='lat' dir='ltr'>et</span> <span class='ocrx_word' id='word_1_196' title='bbox 1364 1842 1513 1892; x_wconf 80' lang='lat' dir='ltr'>frigida</span> 
     </span>
     <span class='ocr_line' id='line_1_29' title="bbox 249 1908 1511 1957; baseline 0.001 -12"><span class='ocrx_word' id='word_1_197' title='bbox 249 1921 353 1957; x_wconf 82' lang='lat' dir='ltr'>aqua.</span> <span class='ocrx_word' id='word_1_198' title='bbox 381 1910 596 1947; x_wconf 85' lang='lat' dir='ltr'>sustentat.</span> <span class='ocrx_word' id='word_1_199' title='bbox 658 1908 740 1945; x_wconf 90' lang='lat' dir='ltr'>Hic</span> <span class='ocrx_word' id='word_1_200' title='bbox 770 1908 931 1957; x_wconf 86' lang='lat' dir='ltr'>saepius</span> <span class='ocrx_word' id='word_1_201' title='bbox 965 1909 1016 1946; x_wconf 85' lang='lat' dir='ltr'>ad</span> <span class='ocrx_word' id='word_1_202' title='bbox 1054 1908 1233 1946; x_wconf 89' lang='lat' dir='ltr'>eundem</span> <span class='ocrx_word' id='word_1_203' title='bbox 1272 1908 1410 1946; x_wconf 88' lang='lat' dir='ltr'>uirum</span> <span class='ocrx_word' id='word_1_204' title='bbox 1454 1909 1511 1946; x_wconf 89' lang='lat' dir='ltr'>in·</span> 
     </span>
     <span class='ocr_line' id='line_1_30' title="bbox 250 1973 1511 2023; baseline 0.002 -13"><span class='ocrx_word' id='word_1_205' title='bbox 250 1974 450 2023; x_wconf 82' lang='lat' dir='ltr'>grediens,</span> <span class='ocrx_word' id='word_1_206' title='bbox 489 1974 648 2012; x_wconf 87' lang='lat' dir='ltr'>audiuit</span> <span class='ocrx_word' id='word_1_207' title='bbox 682 1974 732 2011; x_wconf 86' lang='lat' dir='ltr'>ab</span> <span class='ocrx_word' id='word_1_208' title='bbox 764 1987 809 2011; x_wconf 92' lang='lat' dir='ltr'>eo</span> <span class='ocrx_word' id='word_1_209' title='bbox 840 1974 1012 2022; x_wconf 85' lang='lat' dir='ltr'>repetita</span> <span class='ocrx_word' id='word_1_210' title='bbox 1044 1973 1373 2023; x_wconf 81' lang='lat' dir='ltr'>interrogatione,</span> <span class='ocrx_word' id='word_1_211' title='bbox 1409 1987 1511 2023; x_wconf 86' lang='lat' dir='ltr'>quae</span> 
     </span>
     <span class='ocr_line' id='line_1_31' title="bbox 252 2039 1512 2089; baseline 0.001 -13"><span class='ocrx_word' id='word_1_212' title='bbox 252 2041 292 2077; x_wconf 87' lang='lat' dir='ltr'>et</span> <span class='ocrx_word' id='word_1_213' title='bbox 326 2039 462 2088; x_wconf 83' lang='lat' dir='ltr'>qualia</span> <span class='ocrx_word' id='word_1_214' title='bbox 500 2042 648 2086; x_wconf 86' lang='lat' dir='ltr'>essent,</span> <span class='ocrx_word' id='word_1_215' title='bbox 685 2053 788 2089; x_wconf 85' lang='lat' dir='ltr'>quae</span> <span class='ocrx_word' id='word_1_216' title='bbox 827 2042 975 2077; x_wconf 78' lang='lat' dir='ltr'>exutus</span> <span class='ocrx_word' id='word_1_217' title='bbox 1013 2053 1179 2089; x_wconf 90' lang='lat' dir='ltr'>corpore</span> <span class='ocrx_word' id='word_1_218' title='bbox 1216 2040 1401 2087; x_wconf 81' lang='lat' dir='ltr'>uideret3</span> <span class='ocrx_word' id='word_1_219' title='bbox 1440 2053 1512 2089; x_wconf 89' lang='lat' dir='ltr'>per</span> 
     </span>
     <span class='ocr_line' id='line_1_32' title="bbox 251 2105 1511 2155; baseline 0 -13"><span class='ocrx_word' id='word_1_220' title='bbox 251 2105 368 2143; x_wconf 91' lang='lat' dir='ltr'>cuius</span> <span class='ocrx_word' id='word_1_221' title='bbox 415 2105 657 2143; x_wconf 79' lang='lat' dir='ltr'>relationem</span> <span class='ocrx_word' id='word_1_222' title='bbox 706 2106 757 2143; x_wconf 85' lang='lat' dir='ltr'>ad</span> <span class='ocrx_word' id='word_1_223' title='bbox 812 2107 997 2143; x_wconf 85' lang='lat' dir='ltr'>nostram</span> <span class='ocrx_word' id='word_1_224' title='bbox 1052 2118 1211 2155; x_wconf 85' lang='lat' dir='ltr'>quoque</span> <span class='ocrx_word' id='word_1_225' title='bbox 1256 2105 1511 2154; x_wconf 77' lang='lat' dir='ltr'>agnitionem</span> 
     </span>
     <span class='ocr_line' id='line_1_33' title="bbox 250 2170 1513 2220; baseline 0.001 -12"><span class='ocrx_word' id='word_1_226' title='bbox 250 2184 484 2219; x_wconf 89' lang='lat' dir='ltr'>peruenere,</span> <span class='ocrx_word' id='word_1_227' title='bbox 518 2184 621 2220; x_wconf 85' lang='lat' dir='ltr'>quae</span> <span class='ocrx_word' id='word_1_228' title='bbox 654 2171 704 2208; x_wconf 90' lang='lat' dir='ltr'>de</span> <span class='ocrx_word' id='word_1_229' title='bbox 733 2170 798 2208; x_wconf 89' lang='lat' dir='ltr'>his</span> <span class='ocrx_word' id='word_1_230' title='bbox 826 2183 952 2220; x_wconf 85' lang='lat' dir='ltr'>pauca</span> <span class='ocrx_word' id='word_1_231' title='bbox 980 2170 1310 2219; x_wconf 82' lang='lat' dir='ltr'>perstrinximus.</span> <span class='ocrx_word' id='word_1_232' title='bbox 1372 2171 1513 2209; x_wconf 85' lang='lat' dir='ltr'>Narra-</span> 
     </span>
     <span class='ocr_line' id='line_1_34' title="bbox 250 2235 1510 2285; baseline 0.001 -12"><span class='ocrx_word' id='word_1_233' title='bbox 250 2236 319 2274; x_wconf 81' lang='lat' dir='ltr'>bat</span> <span class='ocrx_word' id='word_1_234' title='bbox 357 2238 495 2274; x_wconf 83' lang='lat' dir='ltr'>autem</span> <span class='ocrx_word' id='word_1_235' title='bbox 533 2236 715 2274; x_wconf 83' lang='lat' dir='ltr'>uisiones</span> <span class='ocrx_word' id='word_1_236' title='bbox 753 2249 846 2273; x_wconf 81' lang='lat' dir='ltr'>suas</span> <span class='ocrx_word' id='word_1_237' title='bbox 883 2236 1008 2274; x_wconf 84' lang='lat' dir='ltr'>etiam</span> <span class='ocrx_word' id='word_1_238' title='bbox 1050 2236 1135 2285; x_wconf 80' lang='lat' dir='ltr'>regi</span> <span class='ocrx_word' id='word_1_239' title='bbox 1173 2235 1378 2283; x_wconf 85' lang='lat' dir='ltr'>Aldfrido,</span> <span class='ocrx_word' id='word_1_240' title='bbox 1421 2237 1510 2275; x_wconf 88' lang='lat' dir='ltr'>uiro</span> 
     </span>
     <span class='ocr_line' id='line_1_35' title="bbox 251 2301 1511 2351; baseline 0.001 -12"><span class='ocrx_word' id='word_1_241' title='bbox 251 2302 537 2350; x_wconf 83' lang='lat' dir='ltr'>undecumque</span> <span class='ocrx_word' id='word_1_242' title='bbox 585 2301 850 2349; x_wconf 72' lang='lat' dir='ltr'>doctissin103</span> <span class='ocrx_word' id='word_1_243' title='bbox 898 2303 938 2339; x_wconf 83' lang='lat' dir='ltr'>et</span> <span class='ocrx_word' id='word_1_244' title='bbox 985 2303 1071 2338; x_wconf 89' lang='lat' dir='ltr'>tam</span> <span class='ocrx_word' id='word_1_245' title='bbox 1119 2301 1296 2339; x_wconf 88' lang='lat' dir='ltr'>libenter</span> <span class='ocrx_word' id='word_1_246' title='bbox 1342 2304 1511 2351; x_wconf 87' lang='lat' dir='ltr'>tamque</span> 
     </span>
    </p>
   </div>
   <div class='ocr_carea' id='block_1_5' title="bbox 250 2398 1511 2648">
    <p class='ocr_par' dir='ltr' id='par_1_6' title="bbox 250 2398 1511 2648">
     <span class='ocr_line' id='line_1_36' title="bbox 294 2398 1510 2437; baseline 0.001 -8"><span class='ocrx_word' id='word_1_247' title='bbox 294 2398 305 2418; x_wconf 78' lang='lat'>¹</span> <span class='ocrx_word' id='word_1_248' title='bbox 329 2400 445 2430; x_wconf 84' lang='lat' dir='ltr'>aurire</span> <span class='ocrx_word' id='word_1_249' title='bbox 462 2399 509 2430; x_wconf 83' lang='lat' dir='ltr'>M.</span> <span class='ocrx_word' id='word_1_250' title='bbox 628 2398 639 2415; x_wconf 71' lang='lat'><strong>²</strong></span> <span class='ocrx_word' id='word_1_251' title='bbox 661 2403 705 2429; x_wconf 76' lang='lat' dir='ltr'>At</span> <span class='ocrx_word' id='word_1_252' title='bbox 721 2402 780 2429; x_wconf 75' lang='lat' dir='ltr'>this</span> <span class='ocrx_word' id='word_1_253' title='bbox 791 2403 879 2436; x_wconf 75' lang='lat' dir='ltr'>point</span> <span class='ocrx_word' id='word_1_254' title='bbox 895 2402 929 2429; x_wconf 76' lang='lat' dir='ltr'>in</span> <span class='ocrx_word' id='word_1_255' title='bbox 947 2400 977 2429; x_wconf 90' lang='lat' dir='ltr'>N</span> <span class='ocrx_word' id='word_1_256' title='bbox 995 2403 1072 2430; x_wconf 76' lang='lat' dir='ltr'>there</span> <span class='ocrx_word' id='word_1_257' title='bbox 1088 2402 1116 2430; x_wconf 79' lang='lat' dir='ltr'>is</span> <span class='ocrx_word' id='word_1_258' title='bbox 1130 2410 1173 2430; x_wconf 80' lang='grc' dir='ltr'>(ιη</span> <span class='ocrx_word' id='word_1_259' title='bbox 1189 2410 1312 2430; x_wconf 74' lang='lat' dir='ltr'>erasure</span> <span class='ocrx_word' id='word_1_260' title='bbox 1326 2401 1361 2437; x_wconf 83' lang='lat' dir='ltr'>of</span> <span class='ocrx_word' id='word_1_261' title='bbox 1372 2403 1475 2437; x_wconf 75' lang='lat' dir='ltr'>nearly</span> <span class='ocrx_word' id='word_1_262' title='bbox 1490 2411 1510 2431; x_wconf 83' lang='grc' dir='ltr'><em>α</em></span> 
     </span>
     <span class='ocr_line' id='line_1_37' title="bbox 250 2452 1511 2491; baseline 0.002 -11"><span class='ocrx_word' id='word_1_263' title='bbox 250 2453 332 2488; x_wconf 76' lang='lat' dir='ltr'>Iine;</span> <span class='ocrx_word' id='word_1_264' title='bbox 356 2454 423 2481; x_wconf 76' lang='lat' dir='ltr'>then</span> <span class='ocrx_word' id='word_1_265' title='bbox 445 2454 485 2481; x_wconf 81' lang='lat' dir='ltr'>all</span> <span class='ocrx_word' id='word_1_266' title='bbox 506 2454 533 2481; x_wconf 72' lang='lat' dir='ltr'>is</span> <span class='ocrx_word' id='word_1_267' title='bbox 552 2454 769 2489; x_wconf 62' lang='lat' dir='ltr'>omi&#39;i&#39;iedfrom</span> <span class='ocrx_word' id='word_1_268' title='bbox 789 2452 943 2491; x_wconf 82' lang='lat' dir='ltr'>denique</span> <span class='ocrx_word' id='word_1_269' title='bbox 967 2455 993 2482; x_wconf 72' lang='lat' dir='ltr'>to</span> <span class='ocrx_word' id='word_1_270' title='bbox 1017 2454 1135 2482; x_wconf 78' lang='lat' dir='ltr'>seruat</span> <span class='ocrx_word' id='word_1_271' title='bbox 1158 2454 1205 2491; x_wconf 72' lang='lat' dir='ltr'>(p.</span> <span class='ocrx_word' id='word_1_272' title='bbox 1231 2456 1320 2491; x_wconf 56' lang='lat'>310⁸.</span> <span class='ocrx_word' id='word_1_273' title='bbox 1383 2455 1461 2482; x_wconf 80' lang='lat' dir='ltr'>Then</span> <span class='ocrx_word' id='word_1_274' title='bbox 1487 2455 1511 2482; x_wconf 62' lang='lat' dir='ltr'>it</span> 
     </span>
     <span class='ocr_line' id='line_1_38' title="bbox 250 2504 1509 2543; baseline 0.002 -11"><span class='ocrx_word' id='word_1_275' title='bbox 250 2506 424 2533; x_wconf 72' lang='lat' dir='ltr'>continues:</span> <span class='ocrx_word' id='word_1_276' title='bbox 457 2506 577 2543; x_wconf 86' lang='lat' dir='ltr'>postea</span> <span class='ocrx_word' id='word_1_277' title='bbox 609 2507 729 2534; x_wconf 82' lang='lat' dir='ltr'>autem</span> <span class='ocrx_word' id='word_1_278' title='bbox 762 2505 822 2534; x_wconf 90' lang='lat' dir='ltr'>ille</span> <span class='ocrx_word' id='word_1_279' title='bbox 853 2504 987 2543; x_wconf 77' lang='lat' dir='ltr'>accepit</span> <span class='ocrx_word' id='word_1_280' title='bbox 1014 2504 1131 2534; x_wconf 90' lang='lat' dir='ltr'>locum</span> <span class='ocrx_word' id='word_1_281' title='bbox 1156 2505 1379 2535; x_wconf 77' lang='lat' dir='ltr'>secretiorem</span> <span class='ocrx_word' id='word_1_282' title='bbox 1411 2514 1509 2534; x_wconf 87' lang='lat' dir='ltr'>man-</span> 
     </span>
     <span class='ocr_line' id='line_1_39' title="bbox 250 2555 1507 2596; baseline 0.001 -11"><span class='ocrx_word' id='word_1_283' title='bbox 250 2555 360 2585; x_wconf 86' lang='lat' dir='ltr'>sionis</span> <span class='ocrx_word' id='word_1_284' title='bbox 387 2555 425 2585; x_wconf 90' lang='lat' dir='ltr'>in</span> <span class='ocrx_word' id='word_1_285' title='bbox 451 2556 675 2591; x_wconf 82' lang='lat' dir='ltr'>monasterio,</span> <span class='ocrx_word' id='word_1_286' title='bbox 694 2557 755 2586; x_wconf 87' lang='lat' dir='ltr'>ubi</span> <span class='ocrx_word' id='word_1_287' title='bbox 782 2556 939 2595; x_wconf 86' lang='lat' dir='ltr'>liberius,</span> <span class='ocrx_word' id='word_1_288' title='bbox 958 2556 1016 2587; x_wconf 54' lang='lat' dir='ltr'>&amp;a</span> <span class='ocrx_word' id='word_1_289' title='bbox 1063 2556 1105 2595; x_wconf 84' lang='lat' dir='ltr'>R2</span> <span class='ocrx_word' id='word_1_290' title='bbox 1120 2559 1178 2587; x_wconf 76' lang='lat' dir='ltr'>has</span> <span class='ocrx_word' id='word_1_291' title='bbox 1194 2560 1254 2586; x_wconf 71' lang='lat' dir='ltr'>this</span> <span class='ocrx_word' id='word_1_292' title='bbox 1268 2559 1353 2587; x_wconf 72' lang='lat' dir='ltr'>latter</span> <span class='ocrx_word' id='word_1_293' title='bbox 1369 2559 1507 2596; x_wconf 67' lang='lat' dir='ltr'>readinq,</span> 
     </span>
     <span class='ocr_line' id='line_1_40' title="bbox 252 2606 1075 2648; baseline 0.002 -11"><span class='ocrx_word' id='word_1_294' title='bbox 252 2610 301 2637; x_wconf 72' lang='lat' dir='ltr'>but</span> <span class='ocrx_word' id='word_1_295' title='bbox 318 2610 368 2636; x_wconf 74' lang='lat' dir='ltr'>not</span> <span class='ocrx_word' id='word_1_296' title='bbox 383 2610 429 2637; x_wconf 77' lang='lat' dir='ltr'>the</span> <span class='ocrx_word' id='word_1_297' title='bbox 443 2609 565 2639; x_wconf 75' lang='lat' dir='ltr'>lacuna.</span> <span class='ocrx_word' id='word_1_298' title='bbox 655 2607 666 2624; x_wconf 81' lang='lat'>³</span> <span class='ocrx_word' id='word_1_299' title='bbox 689 2618 749 2638; x_wconf 82' lang='lat' dir='ltr'>-na</span> <span class='ocrx_word' id='word_1_300' title='bbox 768 2608 817 2639; x_wconf 86' lang='lat' dir='ltr'>M.</span> <span class='ocrx_word' id='word_1_301' title='bbox 903 2606 915 2625; x_wconf 70' lang='lat'>4</span> <span class='ocrx_word' id='word_1_302' title='bbox 939 2608 1019 2648; x_wconf 84' lang='lat' dir='ltr'>·gisl</span> <span class='ocrx_word' id='word_1_303' title='bbox 1036 2608 1075 2640; x_wconf 87' lang='lat' dir='ltr'>B.</span> 
     </span>
    </p>
   </div>
   <div class='ocr_carea' id='block_1_6' title="bbox 1534 2181 1739 2328">
    <p class='ocr_par' dir='ltr' id='par_1_7' title="bbox 1534 2181 1739 2328">
     <span class='ocr_line' id='line_1_41' title="bbox 1536 2181 1739 2210; baseline -0.005 -2"><span class='ocrx_word' id='word_1_304' title='bbox 1536 2181 1585 2210; x_wconf 83' lang='lat' dir='ltr'>He</span> <span class='ocrx_word' id='word_1_305' title='bbox 1597 2181 1672 2210; x_wconf 80' lang='lat' dir='ltr'>tells</span> <span class='ocrx_word' id='word_1_306' title='bbox 1686 2181 1739 2208; x_wconf 72' lang='lat' dir='ltr'>his</span> 
     </span>
     <span class='ocr_line' id='line_1_42' title="bbox 1535 2221 1704 2249; baseline -0.006 -1"><span class='ocrx_word' id='word_1_307' title='bbox 1535 2221 1656 2249; x_wconf 83' lang='lat' dir='ltr'>visions</span> <span class='ocrx_word' id='word_1_308' title='bbox 1671 2224 1704 2247; x_wconf 72' lang='lat' dir='ltr'>to</span> 
     </span>
     <span class='ocr_line' id='line_1_43' title="bbox 1536 2261 1627 2296; baseline 0 -8"><span class='ocrx_word' id='word_1_309' title='bbox 1536 2261 1627 2296; x_wconf 84' lang='lat' dir='ltr'>King</span> 
     </span>
     <span class='ocr_line' id='line_1_44' title="bbox 1534 2300 1675 2328; baseline -0.014 0"><span class='ocrx_word' id='word_1_310' title='bbox 1534 2300 1675 2328; x_wconf 77' lang='lat' dir='ltr'>Aldfrid.</span> 
     </span>
    </p>
   </div>
  </div>
 </body>
</html>
