1803 2887
305 171 390 213 312
663 165 869 209 Historia
897 164 1204 208 Eeclesiccstiea
1416 171 1502 213 [Lm.
1521 172 1560 205 V.

306 286 433 335 quid,⁷
465 284 611 334 inquit,
654 283 751 321 ‘hoc
781 282 896 320 est?’
957 280 1111 319 ‘Paulo
1140 279 1262 328 ante,'
1295 279 1441 328 inquit,
1481 279 1562 317 ‘in-

306 352 521 389 trauerunt
550 350 721 387 domum
750 348 856 385 hanc
885 346 965 384 duo
999 344 1267 395 pulcherrimi
1304 344 1484 389 iuuenes,
1521 346 1560 382 et

307 414 568 455 resederunt1
590 415 696 452 circa
715 427 792 460 me,
813 425 921 449 unus
941 411 990 449 ad
1012 413 1142 459 caput,
1163 412 1202 448 et
1217 423 1326 447 unus
1342 410 1390 447 ad
1411 410 1535 458 pedes
1552 423 1560 456 ;

307 481 559 531 protulitque
572 493 680 518 unus
694 478 882 516 libellum
894 476 1198 526 perpulchrum,
1211 476 1281 513 sed
1294 475 1563 513 uehementer

307 547 527 593 modicum,
553 559 598 583 ac
617 543 721 582 mihi
747 543 798 581 ad
822 542 1045 592 legendum
1071 541 1183 578 dedit
1203 554 1211 588 3
1241 540 1284 577 in
1309 553 1388 589 quo
1409 539 1558 585 omnia,

309 625 411 662 quae
439 624 637 660 umquam
666 609 772 647 bona
800 609 985 656 feceram,
1018 606 1186 644 intuens
1215 605 1362 654 scripta
1389 606 1559 654 repperi,

309 680 350 715 et
376 677 474 715 haec
504 678 620 714 erant
649 674 827 712 nimium
856 685 983 722 pauca
1012 674 1053 710 et
1081 671 1248 709 modica.
1310 670 1563 720 Receperunt

310 742 499 789 codicem,
539 753 672 790 neque
702 739 854 789 aliquid
886 737 991 775 mihi
1025 737 1224 775 dicebant.
1285 737 1394 774 Tum
1428 736 1565 775 subito

310 807 549 857 superuenit
569 805 769 844 exercitus
794 804 1072 853 malignorum
1096 804 1136 840 et
1162 801 1423 839 horridorum
1443 802 1565 840 uultu

312 874 545 923 spirituum,
586 873 838 919 domumque
876 870 982 907 hanc
1021 870 1062 906 et
1100 867 1279 905 exterius
1317 866 1487 915 obsedit,
1525 870 1565 906 et

312 939 426 977 intus
453 937 634 976 maxima
658 949 707 974 ex
733 937 847 985 parte
877 934 1058 972 residens
1081 932 1282 982 impleuit.
1343 933 1458 970 Tunc
1480 933 1561 978 ille,

313 1004 382 1054 qui
412 1006 453 1041 et
483 1002 728 1041 obscuritate
757 1001 994 1038 tenebrosae
1023 999 1150 1041 faciei,
1182 1000 1221 1036 et
1249 998 1430 1047 primatu
1459 998 1568 1036 sedis

312 1070 440 1107 maior
468 1082 554 1106 esse
586 1067 804 1106 uidebatur
838 1078 989 1113 eorum,
1028 1064 1238 1114 proferens
1271 1064 1450 1101 codicem
1478 1064 1567 1101 hor-

312 1135 484 1173 rendae²
511 1133 692 1181 uisionis,
718 1133 758 1169 et
781 1130 1078 1180 magnitudinis
1102 1129 1290 1176 enormis,
1315 1131 1354 1167 et
1377 1129 1569 1178 ponderis

312 1214 417 1250 pene
443 1198 711 1248 inportabilis,
746 1197 865 1235 iussit
894 1196 968 1234 uni
997 1209 1046 1233 ex
1074 1195 1321 1233 satellitibus
1350 1194 1434 1232 suis
1463 1194 1569 1232 mihi

313 1267 363 1304 ad
393 1265 615 1314 legendum
645 1263 811 1301 deferre.
873 1261 1006 1309 Quem
1040 1273 1134 1298 cum
1163 1260 1363 1310 legissem,
1397 1259 1570 1298 inueni3

315 1331 454 1369 onmia
484 1330 645 1376 scelera,
676 1341 759 1365 non
790 1327 925 1365 solum
952 1339 1054 1375 quae
1084 1339 1202 1375 opere
1232 1326 1298 1363 uel
1327 1325 1464 1373 uerbo,
1498 1326 1568 1364 sed

314 1394 438 1432 etiam
461 1405 563 1442 quae
589 1391 831 1430 tenuissima
857 1389 1101 1438 cogitatione
1124 1389 1296 1437 peccaui,
1327 1388 1568 1426 manifestis-

314 1458 416 1494 sime
443 1456 488 1493 in
513 1469 559 1493 eo
583 1453 737 1492 tetricis
763 1466 849 1490 esse
873 1452 1074 1501 descripta
1099 1451 1258 1490 litteris.
1320 1451 1570 1501 Dicebatque

314 1522 364 1561 ad
394 1521 498 1569 illos,
538 1520 608 1569 qui
639 1519 745 1557 mihi
774 1518 1026 1565 adsederant,
1065 1517 1175 1554 uiros
1205 1517 1362 1554 albatos
1395 1518 1436 1554 et
1464 1530 1571 1565 prae-

317 1589 470 1626 claros:
516 1586 659 1633 “Quid
702 1584 767 1622 hic
801 1583 961 1631 sedetis,
1001 1584 1175 1620 scientes
1205 1582 1443 1630 certissime,
1477 1583 1572 1632 quia

316 1655 456 1692 noster
494 1653 556 1689 est
586 1651 663 1688 iste
676 1651 696 1688 ‘?
711 1650 732 1664 ’²
789 1649 1131 1697 Responderunt:
1175 1648 1372 1686 “Uerum
1410 1647 1570 1686 dicitis:

315 1719 485 1767 accipite
517 1719 558 1754 et
587 1716 632 1753 in
657 1715 872 1753 cumulum
901 1713 1178 1751 damnationis
1206 1715 1365 1751 uestrae
1396 1713 1570 1752 ducite.'’

317 1784 405 1832 Quo
454 1783 563 1821 dicto
607 1781 747 1820 statim
786 1780 1102 1829 disparuerunt3
1161 1781 1455 1828 surgentesque
1493 1780 1572 1818 duo

317 1847 560 1899 nequissimi
598 1847 777 1896 spiritus,
812 1845 1010 1883 habentes
1042 1845 1086 1882 in
1115 1844 1307 1882 manibus
1345 1846 1570 1892 uomeres4,

317 1915 608 1964 percusserunt
638 1926 715 1960 me,
754 1925 863 1949 unus
896 1911 939 1949 in
973 1911 1103 1960 capite
1132 1912 1173 1948 et
1205 1911 1310 1948 alius
1336 1908 1339 1962 Ι
1366 1911 1410 1948 in
1444 1912 1574 1960 pede:

318 1981 387 2030 qui
422 1979 615 2017 uidelicet
653 1978 776 2015 modo
816 1990 910 2014 cum
947 1990 1097 2025 magno
1136 1978 1342 2014 tormento
1378 1976 1575 2025 inrepunt

318 2046 362 2083 in
392 2045 586 2083 interiora
613 2043 790 2092 corporis
824 2042 917 2090 mei,
951 2055 1128 2090 moxque
1161 2044 1207 2079 ut
1239 2042 1289 2079 ad
1319 2055 1362 2079 se
1395 2041 1575 2079 inuicem

319 2107 581 2157 perueniunt,
616 2106 779 2153 moriar,
805 2106 845 2142 et
873 2104 1024 2153 paratis
1044 2105 1093 2142 ad
1117 2104 1362 2153 rapiendum
1391 2117 1459 2142 me
1489 2105 1576 2142 dae·

319 2173 512 2211 monibus
532 2172 575 2209 in
596 2172 748 2208 inferni
770 2170 944 2207 claustra
962 2170 1197 2219 pertrahar.’

373 2239 437 2277 Sic
468 2238 711 2287 loquebatur
736 2236 861 2273 miser
887 2236 1114 2284 desperans5
1148 2237 1188 2273 et
1219 2248 1303 2273 non
1325 2235 1459 2273 multo
1484 2238 1577 2284 post

363 2387 373 2405 1
398 2387 566 2418 sederunt
582 2386 611 2416 B
628 2397 635 2425 ;
659 2386 856 2416 residerant
874 2384 924 2415 0¹.
984 2383 996 2400 2
1020 2384 1183 2414 horridae
1202 2384 1237 2415 C.
1328 2383 1339 2401 3
1364 2384 1511 2415 inuenio
1529 2384 1575 2415 M.

320 2440 331 2458 ⁴
354 2450 514 2470 uomeres
538 2439 598 2479 HI,
625 2441 724 2468 added
747 2448 786 2468 οη
809 2439 896 2468 lower
907 2439 1029 2474 margin
1053 2436 1123 2474 M²3
1148 2436 1176 2465 B
1202 2439 1258 2465 has
1279 2445 1439 2466 uomeres
1463 2439 1497 2466 in
1520 2439 1578 2467 text

322 2495 372 2522 buz}
396 2494 429 2521 ίη
451 2502 471 2521 (ι
496 2493 636 2527 different
657 2492 763 2526 hemah
789 2491 885 2527 abore,
911 2491 946 2518 in
969 2499 989 2518 α
1010 2491 1085 2518 later
1107 2490 1193 2518 lzcmcl
1217 2490 1243 2518 is
1268 2490 1401 2518 written:
1425 2487 1481 2518 uel
1506 2488 1576 2518 cul-

320 2546 384 2582 tra,
412 2544 469 2574 uel
504 2543 631 2574 furcas.
687 2542 717 2572 N
741 2544 852 2572 reads:
875 2541 955 2571 hab.
979 2550 1072 2570 uom.
1103 2540 1142 2569 in
1165 2549 1260 2570 man.
1309 2540 1334 2571 G
1356 2543 1467 2571 reads:
1497 2540 1578 2571 hab.

319 2597 434 2627 cultra
457 2597 496 2626 in
519 2605 615 2626 man.
643 2594 824 2625 hondseax
850 2593 884 2634 (i.
900 2603 922 2623 e.
947 2593 1075 2632 cultra)
1092 2592 1180 2630 As.;
1204 2592 1349 2622 malleos
1361 2592 1416 2630 Αἱ.

1598 1922 1618 1951 f.
1639 1932 1680 1949 111
1698 1931 1724 1949 a.
