1803 2887
79 2037 99 2062 f.
117 2044 153 2071 49
167 2034 196 2064 b.

82 456 137 483 Iob
153 455 219 483 xlii.

274 150 352 180 CAP.
368 146 458 188 VIL]
670 141 821 183 Gentis
852 141 925 182 Aw
932 141 1122 196 gylorum.
1448 144 1525 183 141

276 255 514 303 appellatur,
540 256 679 294 sedem
709 256 966 305 episcopatus
995 256 1167 304 tribuit3
1211 257 1320 294 unde
1348 257 1530 295 offensus

275 321 454 367 grauiter
467 321 728 371 Agilberctus
742 323 762 370 ¹,
780 321 888 370 quod
903 321 1002 359 haec
1041 322 1129 371 ipso
1144 322 1378 359 inconsulto
1393 324 1529 371 ageret

274 399 354 433 rex,
388 387 508 424 rediit
545 387 731 435 Galliam,
765 389 805 425 et
840 389 1004 437 accepto
1038 389 1271 436 episcopatu
1306 388 1528 425 Parisiacae

273 450 462 499 ciuitatis,
487 452 641 490 ibidem
670 466 793 490 senex
822 467 866 491 ac
896 454 1045 502 plenus
1075 453 1234 490 dierum
1265 453 1374 491 obiit.
1436 454 1528 490 Non

273 518 418 556 multis
452 521 589 556 autem
620 519 740 557 annis
772 520 864 568 post
894 519 1127 556 abscessum
1157 518 1244 556 eius
1273 532 1295 555 a
1325 519 1529 556 Brittania

273 584 499 631 transactis,
524 585 669 633 pulsus
698 586 783 622 est³
805 587 845 622 et
866 584 968 622 Uini
997 584 1046 622 ab
1076 585 1220 622 eodem
1249 598 1343 634 rege
1373 585 1422 622 de
1453 584 1530 633 epi-

272 652 464 698 scopatu;
497 650 567 699 qui
596 651 785 688 secedens
813 651 862 688 ad
893 663 1031 699 regem
1056 649 1304 687 Merciorum
1331 650 1530 687 uocabulo

272 715 476 763 Uulfheri,
501 715 602 753 emit
622 716 752 764 pretio
773 716 822 753 ab
844 729 891 753 eo
913 715 1051 752 sedem
1072 715 1315 752 Lundoniae
1336 715 1524 763 ciuitatis,

271 781 439 830 eiusque
486 781 700 830 episcopus
741 794 872 830 usque
919 781 968 818 ad
1012 780 1120 818 uitae
1168 793 1263 818 suae
1301 781 1528 818 terminum

270 846 434 884 mansit.
493 847 638 896 Sicque
684 846 896 896 prouincia
944 845 1271 884 Occidentalium
1320 846 1528 884 Saxonum

270 914 454 960 tempore
474 926 558 949 non
578 926 705 961 pauco
724 913 877 961 absque
897 911 1083 961 praesule
1103 911 1194 948 fuit.

325 977 413 1025 Quo
434 978 557 1015 etiam
577 979 762 1026 tempore
787 991 856 1014 rex
883 976 1089 1026 praefatus
1115 976 1245 1025 ipsius
1273 977 1419 1025 gentis,
1444 991 1526 1026 gra-

270 1042 454 1080 uissimis
501 1043 616 1092 regni
664 1043 729 1081 sui
767 1043 930 1080 damnis
969 1042 1204 1091 saepissime
1242 1042 1293 1079 ab
1340 1043 1528 1081 hostibus

268 1108 467 1155 adflictus,
503 1109 672 1146 tandem
706 1109 755 1146 ad
794 1108 1037 1145 memoriam
1072 1108 1245 1155 reduxit,
1286 1109 1393 1157 quod
1433 1122 1528 1146 eum

268 1174 429 1223 pridem
462 1175 632 1223 perfidia
670 1187 795 1223 regno
829 1174 980 1223 pulerit
996 1174 1017 1220 ⁴,
1057 1173 1158 1211 fides
1196 1174 1335 1222 agnita
1374 1175 1528 1212 Christi

268 1240 311 1277 in
331 1253 505 1289 regnum
526 1240 777 1278 reuocauerit
794 1254 802 1287 ;
831 1239 1128 1288 intellexitque,
1155 1240 1262 1288 quod
1285 1240 1408 1277 etiam
1429 1242 1529 1277 tunc

267 1306 463 1344 destituta
482 1306 674 1355 pontifice
694 1305 904 1355 prouincia
925 1306 1031 1342 recte
1052 1304 1205 1353 pariter
1221 1305 1383 1343 diuino⁵
1404 1306 1529 1343 fuerit

267 1372 462 1409 destituta
494 1371 706 1420 praesidio,
767 1371 881 1409 Misit
913 1384 1007 1419 ergo
1036 1370 1248 1419 legatarios
1277 1370 1321 1407 in
1353 1371 1529 1409 Galliam

269 1438 320 1475 ad
340 1437 661 1486 Agilberctum*³,
688 1437 908 1474 summissa
936 1436 1060 1473 illum
1090 1435 1365 1474 satisfactione
1393 1437 1527 1485 depre-

269 1515 366 1540 cans
397 1503 447 1540 ad
482 1502 762 1551 episcopatum
796 1515 892 1540 suae
923 1501 1057 1551 gentis
1091 1501 1231 1539 redire.
1293 1503 1352 1539 At
1386 1502 1458 1539 ille
1487 1516 1530 1540 se

269 1581 478 1616 excusans,
513 1568 576 1605 et⁷
610 1568 753 1605 uenire
786 1581 870 1605 non
900 1580 1018 1616 posse
1048 1568 1290 1613 contestans,
1326 1567 1420 1615 quia
1452 1568 1531 1617 epi-

269 1635 435 1681 scopatu
482 1633 668 1682 propriae
716 1633 896 1671 ciuitatis
941 1646 985 1669 ac
1034 1631 1267 1681 parrochiae
1320 1634 1530 1671 teneretur

268 1698 495 1739 adstrictus,
521 1712 573 1736 ne
593 1701 733 1736 tamen
763 1698 912 1736 obnixe
940 1697 1099 1746 petenti
1129 1697 1189 1734 nil
1219 1697 1343 1735 ferret
1372 1699 1526 1746 auxilii,

269 1764 384 1802 misit
417 1777 490 1813 pro
524 1777 567 1801 se
600 1764 672 1801 illo
705 1764 994 1813 presbyterum
1028 1763 1299 1800 Leutherium
1337 1766 1530 1812 nepotem

270 1843 402 1877 suum,
428 1829 499 1879 qui
525 1829 571 1877 ei,
597 1829 631 1867 si
657 1829 794 1877 uellet,
821 1829 1079 1867 ordinaretur
1106 1828 1345 1877 episcopus;
1376 1830 1526 1877 dicens,

271 1896 378 1945 quod
398 1896 484 1944 ipse
504 1909 599 1932 eum
619 1895 792 1944 dignum
813 1908 900 1932 esse
921 1894 1154 1943 episcopatu
1175 1891 1380 1933 iudicaret.
1443 1896 1532 1944 Quo

271 1961 494 1999 honorifice
532 1974 555 1998 a
592 1961 742 2010 populo
782 1962 822 1998 et
861 1974 883 1998 a
922 1974 1014 2009 rege
1047 1962 1246 2008 suscepto,
1283 1964 1532 2009 rogauerunt

272 2027 543 2074 Theodorum,
574 2025 578 2078 1
604 2028 703 2064 tunc
733 2025 1082 2074 archiepiscopum
1112 2025 1444 2064 Doruuernensis
1476 2041 1533 2065 ec-

270 2093 426 2139 clesiae,
458 2093 593 2142 ipsum
624 2092 703 2130 sibi
731 2092 962 2129 antistitem
992 2091 1269 2139 consecra1·i⁸;
1300 2092 1370 2140 qui
1399 2106 1533 2131 conse-

271 2161 404 2196 cratus
451 2159 495 2195 in
542 2158 629 2207 ipsa
673 2157 847 2203 ciuitate,
891 2156 1038 2194 multis
1084 2155 1205 2193 annis
1252 2156 1530 2206 episcopatum

272 2224 537 2262 Geuissorum
550 2223 562 2241 9
583 2237 631 2261 ex
657 2222 849 2272 synodica
876 2221 1082 2259 sanctione
1103 2221 1214 2259 solus
1235 2222 1376 2259 sedulo
1397 2225 1532 2261 mode·

271 2290 429 2327 famine
448 2288 584 2338 gessit.

314 2410 324 2426 ¹
348 2410 529 2440 -berchtus
546 2410 571 2440 C
589 2420 596 2447 3
620 2409 846 2448 egilberictus
864 2409 905 2439 N.
1059 2407 1070 2424 ²
1094 2409 1159 2439 hoc
1177 2408 1212 2439 C.
1231 2408 1282 2440 B2'.
1441 2409 1451 2425 ²
1476 2411 1529 2440 est

272 2475 328 2495 om.
345 2465 390 2494 M.
461 2465 472 2481 ⁴
495 2464 670 2503 depulerit
683 2465 722 2494 B.
739 2464 791 2502 R„
868 2464 878 2480 5
903 2466 1061 2503 paterno,
1080 2466 1197 2494 instead
1213 2467 1249 2501 of
1258 2464 1394 2503 pariter
1405 2463 1530 2493 diuino

272 2517 306 2547 C.
324 2516 364 2546 D.
379 2517 429 2555 0³·
447 2516 603 2554 Og-„Rffl
669 2515 680 2532 ⁶
704 2516 905 2546 -berchtum
919 2516 954 2546 O.
1018 2514 1028 2531 ⁷
1055 2517 1090 2545 et
1102 2526 1141 2546 eo
1156 2516 1190 2547 C.
1206 2515 1258 2547 B2.
1327 2515 1338 2531 s
1362 2526 1413 2545 —re
1431 2516 1466 2546 C.
1487 2516 1528 2546 N.

268 2567 279 2585 ⁹
303 2569 542 2608 geuuissorum
560 2569 596 2599 C.

1553 855 1619 883 The
1635 856 1692 883 See

1553 897 1682 922 vacant.

1555 1771 1737 1799 Hlothhere

1555 1810 1679 1845 bishop.
