<?xml version="1.0" encoding="UTF-8"?>
<!DOCTYPE html PUBLIC "-//W3C//DTD XHTML 1.0 Transitional//EN"
    "http://www.w3.org/TR/xhtml1/DTD/xhtml1-transitional.dtd">
<html xmlns="http://www.w3.org/1999/xhtml" xml:lang="en" lang="en">
 <head>
  <title>
</title>
<meta http-equiv="Content-Type" content="text/html;charset=utf-8" />
  <meta name='ocr-system' content='tesseract 3.04.00' />
  <meta name='ocr-capabilities' content='ocr_page ocr_carea ocr_par ocr_line ocrx_word'/>
</head>
<body>
  <div class='ocr_page' id='page_1' title='image "./venerabilisbaeda00bedeuoft_0247.png"; bbox 0 0 1803 2887; ppageno 0'>
   <div class='ocr_carea' id='block_1_1' title="bbox 37 289 205 624">
    <p class='ocr_par' dir='ltr' id='par_1_1' title="bbox 39 289 132 317">
     <span class='ocr_line' id='line_1_1' title="bbox 39 289 132 317; baseline -0.022 0"><span class='ocrx_word' id='word_1_1' title='bbox 39 289 132 317; x_wconf 81' lang='lat' dir='ltr'><em>Matt.</em></span> 
     </span>
    </p>

    <p class='ocr_par' dir='ltr' id='par_1_2' title="bbox 38 326 205 442">
     <span class='ocr_line' id='line_1_2' title="bbox 38 326 204 361; baseline -0.012 -5"><span class='ocrx_word' id='word_1_2' title='bbox 38 337 87 356; x_wconf 75' lang='lat' dir='ltr'><em>XV.</em></span> <span class='ocrx_word' id='word_1_3' title='bbox 104 338 145 361; x_wconf 81' lang='lat'><em>¹13</em></span> <span class='ocrx_word' id='word_1_4' title='bbox 165 326 204 355; x_wconf 84' lang='lat' dir='ltr'><em>Cf.</em></span> 
     </span>
     <span class='ocr_line' id='line_1_3' title="bbox 39 366 205 395; baseline 0 -1"><span class='ocrx_word' id='word_1_5' title='bbox 39 368 136 395; x_wconf 83' lang='lat' dir='ltr'><em>Marc.</em></span> <span class='ocrx_word' id='word_1_6' title='bbox 152 366 205 395; x_wconf 81' lang='lat' dir='ltr'><em>vii</em></span> 
     </span>
     <span class='ocr_line' id='line_1_4' title="bbox 42 416 79 442; baseline 0 -8"><span class='ocrx_word' id='word_1_7' title='bbox 42 416 79 442; x_wconf 83' lang='lat'><em>¹5·</em></span> 
     </span>
    </p>

    <p class='ocr_par' dir='ltr' id='par_1_3' title="bbox 39 479 132 506">
     <span class='ocr_line' id='line_1_5' title="bbox 39 479 132 506; baseline -0.011 0"><span class='ocrx_word' id='word_1_8' title='bbox 39 479 132 506; x_wconf 81' lang='lat' dir='ltr'><em>Matt.</em></span> 
     </span>
    </p>

    <p class='ocr_par' dir='ltr' id='par_1_4' title="bbox 37 517 204 624">
     <span class='ocr_line' id='line_1_6' title="bbox 37 517 204 553; baseline 0 -8"><span class='ocrx_word' id='word_1_9' title='bbox 37 527 86 546; x_wconf 86' lang='lat' dir='ltr'><em>xv.</em></span> <span class='ocrx_word' id='word_1_10' title='bbox 101 527 146 553; x_wconf 81' lang='lat'><em>19;</em></span> <span class='ocrx_word' id='word_1_11' title='bbox 165 517 204 545; x_wconf 87' lang='lat' dir='ltr'><em>ef.</em></span> 
     </span>
     <span class='ocr_line' id='line_1_7' title="bbox 39 557 203 585; baseline 0 -1"><span class='ocrx_word' id='word_1_12' title='bbox 39 557 137 585; x_wconf 86' lang='lat' dir='ltr'><em>Marc.</em></span> <span class='ocrx_word' id='word_1_13' title='bbox 151 557 203 584; x_wconf 83' lang='lat' dir='ltr'><em>vii.</em></span> 
     </span>
     <span class='ocr_line' id='line_1_8' title="bbox 38 606 76 624; baseline 0.026 -1"><span class='ocrx_word' id='word_1_14' title='bbox 38 606 76 624; x_wconf 85' lang='lat'><em>21.</em></span> 
     </span>
    </p>
   </div>
   <div class='ocr_carea' id='block_1_2' title="bbox 36 668 188 703">
    <p class='ocr_par' dir='ltr' id='par_1_5' title="bbox 36 668 188 703">
     <span class='ocr_line' id='line_1_9' title="bbox 36 668 188 703; baseline -0.007 -6"><span class='ocrx_word' id='word_1_15' title='bbox 36 669 96 697; x_wconf 79' lang='lat' dir='ltr'><em>Tit.</em></span> <span class='ocrx_word' id='word_1_16' title='bbox 113 668 131 696; x_wconf 87' lang='lat' dir='ltr'><em>i.</em></span> <span class='ocrx_word' id='word_1_17' title='bbox 152 677 188 703; x_wconf 79' lang='lat'><em>¹5·</em></span> 
     </span>
    </p>
   </div>
   <div class='ocr_carea' id='block_1_3' title="bbox 38 1259 203 1288">
    <p class='ocr_par' dir='ltr' id='par_1_6' title="bbox 38 1259 203 1288">
     <span class='ocr_line' id='line_1_10' title="bbox 38 1259 203 1288; baseline -0.006 0"><span class='ocrx_word' id='word_1_18' title='bbox 38 1259 140 1288; x_wconf 82' lang='lat' dir='ltr'><em>Leuit.</em></span> <span class='ocrx_word' id='word_1_19' title='bbox 154 1268 203 1288; x_wconf 82' lang='lat' dir='ltr'><em>xv.</em></span> 
     </span>
    </p>
   </div>
   <div class='ocr_carea' id='block_1_4' title="bbox 39 1721 143 1750">
    <p class='ocr_par' dir='ltr' id='par_1_7' title="bbox 39 1721 143 1750">
     <span class='ocr_line' id='line_1_11' title="bbox 39 1721 143 1750; baseline 0.019 -2"><span class='ocrx_word' id='word_1_20' title='bbox 39 1721 59 1750; x_wconf 90' lang='lat' dir='ltr'><em>f.</em></span> <span class='ocrx_word' id='word_1_21' title='bbox 73 1731 106 1749; x_wconf 87' lang='lat'><em>20</em></span> <span class='ocrx_word' id='word_1_22' title='bbox 116 1731 143 1750; x_wconf 88' lang='lat' dir='ltr'><em>a.</em></span> 
     </span>
    </p>
   </div>
   <div class='ocr_carea' id='block_1_5' title="bbox 231 161 1483 216">
    <p class='ocr_par' dir='ltr' id='par_1_8' title="bbox 231 161 1483 216">
     <span class='ocr_line' id='line_1_12' title="bbox 231 161 1483 216; baseline -0.001 -13"><span class='ocrx_word' id='word_1_23' title='bbox 231 173 309 204; x_wconf 82' lang='lat' dir='ltr'>CAP.</span> <span class='ocrx_word' id='word_1_24' title='bbox 329 168 482 209; x_wconf 59' lang='lat' dir='ltr'>XXVII]</span> <span class='ocrx_word' id='word_1_25' title='bbox 631 161 782 203; x_wconf 79' lang='lat' dir='ltr'><em>Gentis</em></span> <span class='ocrx_word' id='word_1_26' title='bbox 812 161 1081 216; x_wconf 62' lang='lat' dir='ltr'><em>Anqlorum.</em></span> <span class='ocrx_word' id='word_1_27' title='bbox 1429 163 1483 202; x_wconf 83' lang='lat'><em>57</em></span> 
     </span>
    </p>
   </div>
   <div class='ocr_carea' id='block_1_6' title="bbox 219 276 1494 2422">
    <p class='ocr_par' dir='ltr' id='par_1_9' title="bbox 226 276 1490 1108">
     <span class='ocr_line' id='line_1_13' title="bbox 230 276 1486 325; baseline -0.002 -10"><span class='ocrx_word' id='word_1_28' title='bbox 230 278 422 315; x_wconf 87' lang='lat' dir='ltr'><em>Dominus</em></span> <span class='ocrx_word' id='word_1_29' title='bbox 441 278 560 315; x_wconf 86' lang='lat' dir='ltr'><em>dicit:</em></span> <span class='ocrx_word' id='word_1_30' title='bbox 594 276 705 315; x_wconf 84' lang='lat' dir='ltr'><em>‘Non</em></span> <span class='ocrx_word' id='word_1_31' title='bbox 728 277 826 324; x_wconf 84' lang='lat' dir='ltr'><em>quod</em></span> <span class='ocrx_word' id='word_1_32' title='bbox 854 278 972 315; x_wconf 89' lang='lat' dir='ltr'><em>intrat</em></span> <span class='ocrx_word' id='word_1_33' title='bbox 999 278 1041 314; x_wconf 84' lang='lat' dir='ltr'><em>in</em></span> <span class='ocrx_word' id='word_1_34' title='bbox 1060 289 1109 325; x_wconf 69' lang='lat' dir='ltr'><em>os,</em></span> <span class='ocrx_word' id='word_1_35' title='bbox 1135 277 1356 324; x_wconf 84' lang='lat' dir='ltr'><em>coinquinat</em></span> <span class='ocrx_word' id='word_1_36' title='bbox 1373 277 1486 314; x_wconf 70' lang='lat' dir='ltr'><em>laomi-</em></span> 
     </span>
     <span class='ocr_line' id='line_1_14' title="bbox 229 343 1488 390; baseline -0.001 -10"><span class='ocrx_word' id='word_1_37' title='bbox 229 354 345 387; x_wconf 79' lang='lat' dir='ltr'><em>nem,·</em></span> <span class='ocrx_word' id='word_1_38' title='bbox 372 343 437 380; x_wconf 86' lang='lat' dir='ltr'><em>sed</em></span> <span class='ocrx_word' id='word_1_39' title='bbox 463 354 559 390; x_wconf 85' lang='lat' dir='ltr'><em>quae</em></span> <span class='ocrx_word' id='word_1_40' title='bbox 585 345 720 380; x_wconf 67' lang='lat' dir='ltr'><em>exeunt</em></span> <span class='ocrx_word' id='word_1_41' title='bbox 747 343 791 380; x_wconf 87' lang='lat' dir='ltr'><em>de</em></span> <span class='ocrx_word' id='word_1_42' title='bbox 817 354 885 389; x_wconf 76' lang='lat' dir='ltr'><em>ore,</em></span> <span class='ocrx_word' id='word_1_43' title='bbox 907 343 974 380; x_wconf 80' lang='lat' dir='ltr'><em>illa</em></span> <span class='ocrx_word' id='word_1_44' title='bbox 993 345 1092 389; x_wconf 84' lang='lat' dir='ltr'><em>sunt,</em></span> <span class='ocrx_word' id='word_1_45' title='bbox 1117 354 1212 390; x_wconf 87' lang='lat' dir='ltr'><em>quae</em></span> <span class='ocrx_word' id='word_1_46' title='bbox 1240 343 1488 389; x_wconf 85' lang='lat' dir='ltr'><em>coinquinant</em></span> 
     </span>
     <span class='ocr_line' id='line_1_15' title="bbox 229 406 1487 455; baseline 0 -11"><span class='ocrx_word' id='word_1_47' title='bbox 229 407 463 445; x_wconf 76' lang='lat' dir='ltr'><em>hominem¹.&#39;</em></span> <span class='ocrx_word' id='word_1_48' title='bbox 517 406 646 454; x_wconf 84' lang='lat' dir='ltr'><em>Atque</em></span> <span class='ocrx_word' id='word_1_49' title='bbox 674 408 796 454; x_wconf 83' lang='lat' dir='ltr'><em>paulo</em></span> <span class='ocrx_word' id='word_1_50' title='bbox 825 411 915 455; x_wconf 85' lang='lat' dir='ltr'><em>post</em></span> <span class='ocrx_word' id='word_1_51' title='bbox 949 408 1106 445; x_wconf 86' lang='lat' dir='ltr'><em>subiecit</em></span> <span class='ocrx_word' id='word_1_52' title='bbox 1142 419 1326 454; x_wconf 60' lang='lat' dir='ltr'><em>exponens</em></span> <span class='ocrx_word' id='word_1_53' title='bbox 1345 421 1355 444; x_wconf 91' lang='lat'><em>.·</em></span> <span class='ocrx_word' id='word_1_54' title='bbox 1400 408 1487 444; x_wconf 63' lang='lat' dir='ltr'><em>‘Es</em></span> 
     </span>
     <span class='ocr_line' id='line_1_16' title="bbox 229 473 1484 520; baseline -0.001 -10"><span class='ocrx_word' id='word_1_55' title='bbox 229 473 334 510; x_wconf 85' lang='lat' dir='ltr'><em>corde</em></span> <span class='ocrx_word' id='word_1_56' title='bbox 361 475 494 510; x_wconf 68' lang='lat' dir='ltr'><em>exeunt</em></span> <span class='ocrx_word' id='word_1_57' title='bbox 521 473 759 520; x_wconf 76' lang='lat' dir='ltr'><em>coyitationes</em></span> <span class='ocrx_word' id='word_1_58' title='bbox 785 473 934 510; x_wconf 86' lang='lat' dir='ltr'><em>malae.’</em></span> <span class='ocrx_word' id='word_1_59' title='bbox 996 473 1074 511; x_wconf 86' lang='lat' dir='ltr'><em>Ubi</em></span> <span class='ocrx_word' id='word_1_60' title='bbox 1092 473 1254 510; x_wconf 65' lang='lat' dir='ltr'><em>ubertim</em></span> <span class='ocrx_word' id='word_1_61' title='bbox 1276 473 1484 510; x_wconf 80' lang='lat' dir='ltr'><em>indicatum</em></span> 
     </span>
     <span class='ocr_line' id='line_1_17' title="bbox 228 537 1489 585; baseline 0.001 -11"><span class='ocrx_word' id='word_1_62' title='bbox 228 540 289 584; x_wconf 85' lang='lat' dir='ltr'><em>est,</em></span> <span class='ocrx_word' id='word_1_63' title='bbox 314 538 405 585; x_wconf 88' lang='lat' dir='ltr'><em>quia</em></span> <span class='ocrx_word' id='word_1_64' title='bbox 432 537 532 574; x_wconf 80' lang='lat' dir='ltr'><em>illud</em></span> <span class='ocrx_word' id='word_1_65' title='bbox 559 537 606 574; x_wconf 87' lang='lat' dir='ltr'><em>ab</em></span> <span class='ocrx_word' id='word_1_66' title='bbox 634 538 882 585; x_wconf 70' lang='lat' dir='ltr'><em>omnipotente</em></span> <span class='ocrx_word' id='word_1_67' title='bbox 900 539 981 575; x_wconf 89' lang='lat' dir='ltr'><em>Deo</em></span> <span class='ocrx_word' id='word_1_68' title='bbox 1001 538 1195 585; x_wconf 85' lang='lat' dir='ltr'><em>pollutum</em></span> <span class='ocrx_word' id='word_1_69' title='bbox 1220 550 1296 576; x_wconf 84' lang='lat' dir='ltr'><em>esse</em></span> <span class='ocrx_word' id='word_1_70' title='bbox 1323 539 1365 575; x_wconf 83' lang='lat' dir='ltr'><em>in</em></span> <span class='ocrx_word' id='word_1_71' title='bbox 1387 550 1489 585; x_wconf 81' lang='lat' dir='ltr'><em>opere</em></span> 
     </span>
     <span class='ocr_line' id='line_1_18' title="bbox 227 602 1485 651; baseline -0.002 -11"><span class='ocrx_word' id='word_1_72' title='bbox 227 603 445 649; x_wconf 72' lang='lat' dir='ltr'><em>ostenditur,</em></span> <span class='ocrx_word' id='word_1_73' title='bbox 478 602 578 649; x_wconf 89' lang='lat' dir='ltr'><em>quod</em></span> <span class='ocrx_word' id='word_1_74' title='bbox 604 614 648 640; x_wconf 62' lang='lat' dir='ltr'><em>aa:</em></span> <span class='ocrx_word' id='word_1_75' title='bbox 666 603 837 650; x_wconf 81' lang='lat' dir='ltr'><em>pollutae</em></span> <span class='ocrx_word' id='word_1_76' title='bbox 865 604 1102 651; x_wconf 72' lang='lat' dir='ltr'><em>coqitationis</em></span> <span class='ocrx_word' id='word_1_77' title='bbox 1125 604 1252 640; x_wconf 67' lang='lat' dir='ltr'><em>iadiee</em></span> <span class='ocrx_word' id='word_1_78' title='bbox 1276 606 1485 651; x_wconf 73' lang='lat' dir='ltr'><em>qeneratur.</em></span> 
     </span>
     <span class='ocr_line' id='line_1_19' title="bbox 233 667 1486 716; baseline 0.002 -12"><span class='ocrx_word' id='word_1_79' title='bbox 233 667 342 705; x_wconf 86' lang='lat' dir='ltr'><em>Unde</em></span> <span class='ocrx_word' id='word_1_80' title='bbox 377 668 527 704; x_wconf 87' lang='lat' dir='ltr'><em>Paulus</em></span> <span class='ocrx_word' id='word_1_81' title='bbox 563 679 705 715; x_wconf 87' lang='lat' dir='ltr'><em>quoque</em></span> <span class='ocrx_word' id='word_1_82' title='bbox 743 669 931 716; x_wconf 85' lang='lat' dir='ltr'><em>apostolus</em></span> <span class='ocrx_word' id='word_1_83' title='bbox 968 669 1088 706; x_wconf 86' lang='lat' dir='ltr'><em>dicit:</em></span> <span class='ocrx_word' id='word_1_84' title='bbox 1141 668 1301 707; x_wconf 84' lang='lat' dir='ltr'><em>‘Omnia</em></span> <span class='ocrx_word' id='word_1_85' title='bbox 1340 669 1486 706; x_wconf 86' lang='lat' dir='ltr'><em>munda</em></span> 
     </span>
     <span class='ocr_line' id='line_1_20' title="bbox 226 733 1487 780; baseline 0.001 -10"><span class='ocrx_word' id='word_1_86' title='bbox 226 733 392 780; x_wconf 79' lang='lat' dir='ltr'><em>mundis,</em></span> <span class='ocrx_word' id='word_1_87' title='bbox 409 733 660 780; x_wconf 87' lang='lat' dir='ltr'><em>coinquinatis</em></span> <span class='ocrx_word' id='word_1_88' title='bbox 674 736 800 771; x_wconf 86' lang='lat' dir='ltr'><em>autem</em></span> <span class='ocrx_word' id='word_1_89' title='bbox 814 736 848 771; x_wconf 89' lang='lat' dir='ltr'><em>et</em></span> <span class='ocrx_word' id='word_1_90' title='bbox 864 735 901 770; x_wconf 93' lang='lat' dir='ltr'><em>in</em></span> <span class='ocrx_word' id='word_1_91' title='bbox 898 734 1082 780; x_wconf 80' lang='lat' dir='ltr'><em>fidelibus</em></span> <span class='ocrx_word' id='word_1_92' title='bbox 1094 734 1193 771; x_wconf 77' lang='lat' dir='ltr'><em>nihil</em></span> <span class='ocrx_word' id='word_1_93' title='bbox 1207 737 1261 771; x_wconf 88' lang='lat' dir='ltr'><em>est</em></span> <span class='ocrx_word' id='word_1_94' title='bbox 1274 734 1487 771; x_wconf 60' lang='lat' dir='ltr'><em>mundum:⁸</em></span> 
     </span>
     <span class='ocr_line' id='line_1_21' title="bbox 228 797 1489 846; baseline 0.002 -11"><span class='ocrx_word' id='word_1_95' title='bbox 228 797 357 845; x_wconf 88' lang='lat' dir='ltr'><em>Atque</em></span> <span class='ocrx_word' id='word_1_96' title='bbox 387 810 473 836; x_wconf 66' lang='lat' dir='ltr'><em>mox</em></span> <span class='ocrx_word' id='word_1_97' title='bbox 505 799 671 836; x_wconf 87' lang='lat' dir='ltr'><em>eiusdem</em></span> <span class='ocrx_word' id='word_1_98' title='bbox 709 810 865 836; x_wconf 88' lang='lat' dir='ltr'><em>causam</em></span> <span class='ocrx_word' id='word_1_99' title='bbox 895 800 1216 846; x_wconf 73' lang='lat' dir='ltr'><em>coinquinationis</em></span> <span class='ocrx_word' id='word_1_100' title='bbox 1250 800 1489 837; x_wconf 73' lang='lat' dir='ltr'><em>adnuntians</em></span> 
     </span>
     <span class='ocr_line' id='line_1_22' title="bbox 228 863 1489 911; baseline 0.002 -11"><span class='ocrx_word' id='word_1_101' title='bbox 228 864 478 911; x_wconf 74' lang='lat' dir='ltr'><em>subiunqit2:</em></span> <span class='ocrx_word' id='word_1_102' title='bbox 518 863 774 911; x_wconf 86' lang='lat' dir='ltr'><em>Coinquinata</em></span> <span class='ocrx_word' id='word_1_103' title='bbox 803 867 894 902; x_wconf 90' lang='lat' dir='ltr'><em>sunt</em></span> <span class='ocrx_word' id='word_1_104' title='bbox 927 864 1054 902; x_wconf 84' lang='lat' dir='ltr'><em>enim3</em></span> <span class='ocrx_word' id='word_1_105' title='bbox 1089 867 1123 902; x_wconf 92' lang='lat' dir='ltr'><em>et</em></span> <span class='ocrx_word' id='word_1_106' title='bbox 1154 877 1261 902; x_wconf 84' lang='lat' dir='ltr'><em>mens</em></span> <span class='ocrx_word' id='word_1_107' title='bbox 1291 877 1415 903; x_wconf 83' lang='lat' dir='ltr'><em>eorum</em></span> <span class='ocrx_word' id='word_1_108' title='bbox 1455 869 1489 903; x_wconf 87' lang='lat' dir='ltr'><em>et</em></span> 
     </span>
     <span class='ocr_line' id='line_1_23' title="bbox 229 927 1489 978; baseline 0.002 -12"><span class='ocrx_word' id='word_1_109' title='bbox 229 927 475 966; x_wconf 85' lang='lat' dir='ltr'><em>eonscientia.&#39;</em></span> <span class='ocrx_word' id='word_1_110' title='bbox 531 929 576 967; x_wconf 84' lang='lat' dir='ltr'><em>Si</em></span> <span class='ocrx_word' id='word_1_111' title='bbox 595 941 677 977; x_wconf 77' lang='lat' dir='ltr'><em>erqo</em></span> <span class='ocrx_word' id='word_1_112' title='bbox 697 930 730 967; x_wconf 89' lang='lat' dir='ltr'><em>ei</em></span> <span class='ocrx_word' id='word_1_113' title='bbox 755 930 862 967; x_wconf 84' lang='lat' dir='ltr'><em>cibus</em></span> <span class='ocrx_word' id='word_1_114' title='bbox 888 930 1100 968; x_wconf 82' lang='lat' dir='ltr'><em>inmundus</em></span> <span class='ocrx_word' id='word_1_115' title='bbox 1119 942 1192 968; x_wconf 89' lang='lat' dir='ltr'><em>non</em></span> <span class='ocrx_word' id='word_1_116' title='bbox 1214 933 1277 978; x_wconf 70' lang='lat' dir='ltr'><em>est,</em></span> <span class='ocrx_word' id='word_1_117' title='bbox 1302 932 1364 968; x_wconf 89' lang='lat' dir='ltr'><em>cui</em></span> <span class='ocrx_word' id='word_1_118' title='bbox 1383 943 1489 969; x_wconf 77' lang='lat' dir='ltr'><em>niens</em></span> 
     </span>
     <span class='ocr_line' id='line_1_24' title="bbox 227 993 1490 1042; baseline 0.004 -13"><span class='ocrx_word' id='word_1_119' title='bbox 227 993 415 1031; x_wconf 88' lang='lat' dir='ltr'><em>inmunda</em></span> <span class='ocrx_word' id='word_1_120' title='bbox 444 1007 523 1032; x_wconf 88' lang='lat' dir='ltr'><em>non</em></span> <span class='ocrx_word' id='word_1_121' title='bbox 542 994 693 1042; x_wconf 82' lang='lat' dir='ltr'><em>fuerit;</em></span> <span class='ocrx_word' id='word_1_122' title='bbox 723 1007 799 1041; x_wconf 77' lang='lat' dir='ltr'><em>eur,</em></span> <span class='ocrx_word' id='word_1_123' title='bbox 833 995 932 1042; x_wconf 89' lang='lat' dir='ltr'><em>quod</em></span> <span class='ocrx_word' id='word_1_124' title='bbox 959 995 1106 1033; x_wconf 87' lang='lat' dir='ltr'><em>munda</em></span> <span class='ocrx_word' id='word_1_125' title='bbox 1134 999 1255 1033; x_wconf 83' lang='lat' dir='ltr'><em>mente</em></span> <span class='ocrx_word' id='word_1_126' title='bbox 1285 997 1422 1034; x_wconf 85' lang='lat' dir='ltr'><em>mulier</em></span> <span class='ocrx_word' id='word_1_127' title='bbox 1447 1008 1490 1034; x_wconf 62' lang='lat' dir='ltr'><em>es</em></span> 
     </span>
     <span class='ocr_line' id='line_1_25' title="bbox 226 1060 1298 1108; baseline 0.002 -12"><span class='ocrx_word' id='word_1_128' title='bbox 226 1062 369 1097; x_wconf 82' lang='lat' dir='ltr'><em>natura</em></span> <span class='ocrx_word' id='word_1_129' title='bbox 389 1062 551 1107; x_wconf 82' lang='lat' dir='ltr'><em>patitur,</em></span> <span class='ocrx_word' id='word_1_130' title='bbox 585 1061 618 1098; x_wconf 83' lang='lat' dir='ltr'><em>ei</em></span> <span class='ocrx_word' id='word_1_131' title='bbox 646 1060 714 1098; x_wconf 77' lang='lat' dir='ltr'><em>in⁴</em></span> <span class='ocrx_word' id='word_1_132' title='bbox 744 1061 1022 1098; x_wconf 81' lang='lat' dir='ltr'><em>inmunditiam</em></span> <span class='ocrx_word' id='word_1_133' title='bbox 1050 1060 1298 1108; x_wconf 68' lang='lat' dir='ltr'><em>reputetur5?</em></span> 
     </span>
    </p>

    <p class='ocr_par' dir='ltr' id='par_1_10' title="bbox 219 1125 1494 2422">
     <span class='ocr_line' id='line_1_26' title="bbox 289 1125 1490 1174; baseline 0.002 -12"><span class='ocrx_word' id='word_1_134' title='bbox 289 1125 361 1163; x_wconf 83' lang='lat' dir='ltr'><em>Uir</em></span> <span class='ocrx_word' id='word_1_135' title='bbox 390 1129 514 1163; x_wconf 85' lang='lat' dir='ltr'><em>autem</em></span> <span class='ocrx_word' id='word_1_136' title='bbox 551 1138 637 1164; x_wconf 88' lang='lat' dir='ltr'><em>cum</em></span> <span class='ocrx_word' id='word_1_137' title='bbox 656 1127 816 1174; x_wconf 84' lang='lat' dir='ltr'><em>propria</em></span> <span class='ocrx_word' id='word_1_138' title='bbox 853 1127 1007 1174; x_wconf 75' lang='lat' dir='ltr'><em>coniuqe</em></span> <span class='ocrx_word' id='word_1_139' title='bbox 1045 1127 1241 1173; x_wconf 81' lang='lat' dir='ltr'><em>dormiens,</em></span> <span class='ocrx_word' id='word_1_140' title='bbox 1284 1127 1361 1164; x_wconf 87' lang='lat' dir='ltr'><em>nisi</em></span> <span class='ocrx_word' id='word_1_141' title='bbox 1393 1127 1490 1164; x_wconf 88' lang='lat' dir='ltr'><em>lotus</em></span> 
     </span>
     <span class='ocr_line' id='line_1_27' title="bbox 229 1192 1488 1240; baseline 0 -11"><span class='ocrx_word' id='word_1_142' title='bbox 229 1204 339 1240; x_wconf 80' lang='lat' dir='ltr'><em>aqua,</em></span> <span class='ocrx_word' id='word_1_143' title='bbox 369 1192 512 1229; x_wconf 87' lang='lat' dir='ltr'><em>intrare</em></span> <span class='ocrx_word' id='word_1_144' title='bbox 530 1193 720 1230; x_wconf 86' lang='lat' dir='ltr'><em>ecclesiam</em></span> <span class='ocrx_word' id='word_1_145' title='bbox 738 1204 814 1229; x_wconf 91' lang='lat' dir='ltr'><em>non</em></span> <span class='ocrx_word' id='word_1_146' title='bbox 835 1192 962 1237; x_wconf 82' lang='lat' dir='ltr'><em>del&gt;et;</em></span> <span class='ocrx_word' id='word_1_147' title='bbox 992 1192 1056 1229; x_wconf 82' lang='lat' dir='ltr'><em>scd</em></span> <span class='ocrx_word' id='word_1_148' title='bbox 1080 1203 1200 1239; x_wconf 87' lang='lat' dir='ltr'><em>neque</em></span> <span class='ocrx_word' id='word_1_149' title='bbox 1224 1193 1321 1230; x_wconf 87' lang='lat' dir='ltr'><em>lotus</em></span> <span class='ocrx_word' id='word_1_150' title='bbox 1349 1193 1488 1230; x_wconf 73' lang='lat' dir='ltr'><em>intrare</em></span> 
     </span>
     <span class='ocr_line' id='line_1_28' title="bbox 228 1258 1489 1306; baseline -0.001 -11"><span class='ocrx_word' id='word_1_151' title='bbox 228 1259 359 1295; x_wconf 88' lang='lat' dir='ltr'><em>statim</em></span> <span class='ocrx_word' id='word_1_152' title='bbox 397 1258 510 1295; x_wconf 84' lang='lat' dir='ltr'><em>debet.</em></span> <span class='ocrx_word' id='word_1_153' title='bbox 579 1258 662 1296; x_wconf 66' lang='lat' dir='ltr'><em>Lex</em></span> <span class='ocrx_word' id='word_1_154' title='bbox 699 1261 825 1296; x_wconf 85' lang='lat' dir='ltr'><em>autem</em></span> <span class='ocrx_word' id='word_1_155' title='bbox 871 1259 987 1295; x_wconf 80' lang='lat' dir='ltr'><em>ueteri</em></span> <span class='ocrx_word' id='word_1_156' title='bbox 1023 1259 1166 1306; x_wconf 86' lang='lat' dir='ltr'><em>populo</em></span> <span class='ocrx_word' id='word_1_157' title='bbox 1203 1259 1403 1306; x_wconf 79' lang='lat' dir='ltr'><em>praecepit,</em></span> <span class='ocrx_word' id='word_1_158' title='bbox 1445 1260 1489 1295; x_wconf 87' lang='lat' dir='ltr'><em>ut</em></span> 
     </span>
     <span class='ocr_line' id='line_1_29' title="bbox 228 1324 1489 1371; baseline 0.001 -11"><span class='ocrx_word' id='word_1_159' title='bbox 228 1324 372 1360; x_wconf 71' lang='lat' dir='ltr'><em>mixtus</em></span> <span class='ocrx_word' id='word_1_160' title='bbox 401 1324 468 1360; x_wconf 86' lang='lat' dir='ltr'><em>uir</em></span> <span class='ocrx_word' id='word_1_161' title='bbox 497 1324 659 1370; x_wconf 82' lang='lat' dir='ltr'><em>mulieri,</em></span> <span class='ocrx_word' id='word_1_162' title='bbox 692 1327 727 1361; x_wconf 90' lang='lat' dir='ltr'><em>et</em></span> <span class='ocrx_word' id='word_1_163' title='bbox 757 1324 884 1361; x_wconf 85' lang='lat' dir='ltr'><em>lauari</em></span> <span class='ocrx_word' id='word_1_164' title='bbox 914 1335 1014 1371; x_wconf 88' lang='lat' dir='ltr'><em>aqua</em></span> <span class='ocrx_word' id='word_1_165' title='bbox 1045 1324 1181 1371; x_wconf 82' lang='lat' dir='ltr'><em>debeat,</em></span> <span class='ocrx_word' id='word_1_166' title='bbox 1217 1327 1251 1362; x_wconf 90' lang='lat' dir='ltr'><em>et</em></span> <span class='ocrx_word' id='word_1_167' title='bbox 1282 1327 1369 1362; x_wconf 85' lang='lat' dir='ltr'><em>ante</em></span> <span class='ocrx_word' id='word_1_168' title='bbox 1399 1325 1489 1361; x_wconf 86' lang='lat' dir='ltr'><em>solis</em></span> 
     </span>
     <span class='ocr_line' id='line_1_30' title="bbox 225 1389 1489 1437; baseline 0 -11"><span class='ocrx_word' id='word_1_169' title='bbox 225 1401 394 1427; x_wconf 83' lang='lat' dir='ltr'><em>occasum</em></span> <span class='ocrx_word' id='word_1_170' title='bbox 443 1389 634 1427; x_wconf 85' lang='lat' dir='ltr'><em>ecclesiam</em></span> <span class='ocrx_word' id='word_1_171' title='bbox 679 1401 756 1426; x_wconf 92' lang='lat' dir='ltr'><em>non</em></span> <span class='ocrx_word' id='word_1_172' title='bbox 803 1390 971 1433; x_wconf 83' lang='lat' dir='ltr'><em>intrare‚·</em></span> <span class='ocrx_word' id='word_1_173' title='bbox 1015 1390 1115 1437; x_wconf 85' lang='lat' dir='ltr'><em>quod</em></span> <span class='ocrx_word' id='word_1_174' title='bbox 1154 1392 1279 1427; x_wconf 84' lang='lat' dir='ltr'><em>tamen</em></span> <span class='ocrx_word' id='word_1_175' title='bbox 1325 1390 1489 1437; x_wconf 72' lang='lat' dir='ltr'><em>intelleqi</em></span> 
     </span>
     <span class='ocr_line' id='line_1_31' title="bbox 225 1455 1490 1504; baseline -0.001 -12"><span class='ocrx_word' id='word_1_176' title='bbox 225 1455 447 1502; x_wconf 67' lang='lat' dir='ltr'><em>spiritaliter</em></span> <span class='ocrx_word' id='word_1_177' title='bbox 473 1458 606 1502; x_wconf 82' lang='lat' dir='ltr'><em>potest.</em></span> <span class='ocrx_word' id='word_1_178' title='bbox 667 1455 765 1504; x_wconf 78' lang='lat' dir='ltr'><em>Quia</em></span> <span class='ocrx_word' id='word_1_179' title='bbox 808 1455 963 1493; x_wconf 82' lang='lat' dir='ltr'><em>mulieri</em></span> <span class='ocrx_word' id='word_1_180' title='bbox 1002 1456 1068 1492; x_wconf 82' lang='lat' dir='ltr'><em>uir</em></span> <span class='ocrx_word' id='word_1_181' title='bbox 1104 1457 1290 1503; x_wconf 82' lang='lat' dir='ltr'><em>miscetur,</em></span> <span class='ocrx_word' id='word_1_182' title='bbox 1338 1456 1490 1502; x_wconf 90' lang='lat' dir='ltr'><em>quando</em></span> 
     </span>
     <span class='ocr_line' id='line_1_32' title="bbox 226 1521 1490 1568; baseline 0.001 -11"><span class='ocrx_word' id='word_1_183' title='bbox 226 1521 396 1558; x_wconf 88' lang='lat' dir='ltr'><em>inlicitae</em></span> <span class='ocrx_word' id='word_1_184' title='bbox 425 1521 743 1568; x_wconf 72' lang='lat' dir='ltr'><em>concupiscentiae</em></span> <span class='ocrx_word' id='word_1_185' title='bbox 772 1521 928 1558; x_wconf 84' lang='lat' dir='ltr'><em>animus</em></span> <span class='ocrx_word' id='word_1_186' title='bbox 946 1521 989 1557; x_wconf 89' lang='lat' dir='ltr'><em>in</em></span> <span class='ocrx_word' id='word_1_187' title='bbox 1013 1521 1236 1568; x_wconf 74' lang='lat' dir='ltr'><em>coqitatione</em></span> <span class='ocrx_word' id='word_1_188' title='bbox 1247 1533 1322 1568; x_wconf 82' lang='lat' dir='ltr'><em>per</em></span> <span class='ocrx_word' id='word_1_189' title='bbox 1340 1521 1490 1558; x_wconf 86' lang='lat' dir='ltr'><em>delecta-</em></span> 
     </span>
     <span class='ocr_line' id='line_1_33' title="bbox 228 1586 1491 1636; baseline 0.001 -13"><span class='ocrx_word' id='word_1_190' title='bbox 228 1586 391 1624; x_wconf 56' lang='lat' dir='ltr'><em>tionem&#39;*</em></span> <span class='ocrx_word' id='word_1_191' title='bbox 424 1587 694 1635; x_wconf 74' lang='lat' dir='ltr'><em>eoniunyitur;</em></span> <span class='ocrx_word' id='word_1_192' title='bbox 724 1589 826 1636; x_wconf 85' lang='lat' dir='ltr'><em>quia,</em></span> <span class='ocrx_word' id='word_1_193' title='bbox 855 1588 933 1626; x_wconf 89' lang='lat' dir='ltr'><em>nisi</em></span> <span class='ocrx_word' id='word_1_194' title='bbox 953 1588 1069 1635; x_wconf 86' lang='lat' dir='ltr'><em>prius</em></span> <span class='ocrx_word' id='word_1_195' title='bbox 1098 1588 1200 1635; x_wconf 73' lang='lat' dir='ltr'><em>iqnis</em></span> <span class='ocrx_word' id='word_1_196' title='bbox 1237 1587 1491 1634; x_wconf 82' lang='lat' dir='ltr'><em>concupiscen-</em></span> 
     </span>
     <span class='ocr_line' id='line_1_34' title="bbox 228 1652 1488 1702; baseline 0 -13"><span class='ocrx_word' id='word_1_197' title='bbox 228 1652 303 1689; x_wconf 85' lang='lat' dir='ltr'><em>tiae</em></span> <span class='ocrx_word' id='word_1_198' title='bbox 331 1664 354 1690; x_wconf 90' lang='lat' dir='ltr'><em>a</em></span> <span class='ocrx_word' id='word_1_199' title='bbox 382 1655 501 1690; x_wconf 73' lang='lat' dir='ltr'><em>niente</em></span> <span class='ocrx_word' id='word_1_200' title='bbox 531 1653 733 1701; x_wconf 86' lang='lat' dir='ltr'><em>deferueat,</em></span> <span class='ocrx_word' id='word_1_201' title='bbox 760 1655 917 1702; x_wconf 78' lang='lat' dir='ltr'><em>diqnum</em></span> <span class='ocrx_word' id='word_1_202' title='bbox 948 1665 985 1691; x_wconf 91' lang='lat' dir='ltr'><em>se</em></span> <span class='ocrx_word' id='word_1_203' title='bbox 1014 1653 1294 1701; x_wconf 71' lang='lat' dir='ltr'><em>conqreqationi</em></span> <span class='ocrx_word' id='word_1_204' title='bbox 1315 1653 1488 1699; x_wconf 72' lang='lat' dir='ltr'><em>flatrum</em></span> 
     </span>
     <span class='ocr_line' id='line_1_35' title="bbox 227 1717 1492 1769; baseline 0.001 -15"><span class='ocrx_word' id='word_1_205' title='bbox 227 1718 426 1755; x_wconf 84' lang='lat' dir='ltr'><em>aestimare</em></span> <span class='ocrx_word' id='word_1_206' title='bbox 453 1730 530 1756; x_wconf 92' lang='lat' dir='ltr'><em>non</em></span> <span class='ocrx_word' id='word_1_207' title='bbox 551 1719 661 1766; x_wconf 83' lang='lat' dir='ltr'><em>debet,</em></span> <span class='ocrx_word' id='word_1_208' title='bbox 686 1721 752 1766; x_wconf 88' lang='lat' dir='ltr'><em>qui</em></span> <span class='ocrx_word' id='word_1_209' title='bbox 771 1732 809 1758; x_wconf 90' lang='lat' dir='ltr'><em>se</em></span> <span class='ocrx_word' id='word_1_210' title='bbox 826 1720 986 1768; x_wconf 72' lang='lat' dir='ltr'><em>qrauari</em></span> <span class='ocrx_word' id='word_1_211' title='bbox 1011 1717 1015 1769; x_wconf 87' lang='grc' dir='ltr'>Ι</span> <span class='ocrx_word' id='word_1_212' title='bbox 1033 1731 1106 1766; x_wconf 84' lang='lat' dir='ltr'><em>per</em></span> <span class='ocrx_word' id='word_1_213' title='bbox 1124 1719 1329 1765; x_wconf 72' lang='lat' dir='ltr'><em>nequitiam</em></span> <span class='ocrx_word' id='word_1_214' title='bbox 1343 1730 1492 1765; x_wconf 66' lang='lat' dir='ltr'><em>prauae</em></span> 
     </span>
     <span class='ocr_line' id='line_1_36' title="bbox 225 1783 1488 1833; baseline 0 -14"><span class='ocrx_word' id='word_1_215' title='bbox 225 1783 438 1821; x_wconf 85' lang='lat' dir='ltr'><em>uoluntatis</em></span> <span class='ocrx_word' id='word_1_216' title='bbox 465 1784 580 1821; x_wconf 88' lang='lat' dir='ltr'><em>uidet.</em></span> <span class='ocrx_word' id='word_1_217' title='bbox 639 1784 826 1833; x_wconf 74' lang='lat' dir='ltr'><em>Qucunuis</em></span> <span class='ocrx_word' id='word_1_218' title='bbox 855 1786 900 1823; x_wconf 90' lang='lat' dir='ltr'><em>de</em></span> <span class='ocrx_word' id='word_1_219' title='bbox 928 1786 998 1822; x_wconf 75' lang='lat' dir='ltr'><em>liae</em></span> <span class='ocrx_word' id='word_1_220' title='bbox 1025 1796 1065 1822; x_wconf 76' lang='lat' dir='ltr'><em>re</em></span> <span class='ocrx_word' id='word_1_221' title='bbox 1095 1784 1267 1821; x_wconf 83' lang='lat' dir='ltr'><em>diuersae</em></span> <span class='ocrx_word' id='word_1_222' title='bbox 1294 1784 1488 1821; x_wconf 78' lang='lat' dir='ltr'><em>hominum</em></span> 
     </span>
     <span class='ocr_line' id='line_1_37' title="bbox 225 1849 1486 1899; baseline 0 -13"><span class='ocrx_word' id='word_1_223' title='bbox 225 1849 401 1886; x_wconf 85' lang='lat' dir='ltr'><em>nationes</em></span> <span class='ocrx_word' id='word_1_224' title='bbox 427 1850 581 1887; x_wconf 87' lang='lat' dir='ltr'><em>diuersa</em></span> <span class='ocrx_word' id='word_1_225' title='bbox 607 1851 785 1898; x_wconf 86' lang='lat' dir='ltr'><em>sentiant,</em></span> <span class='ocrx_word' id='word_1_226' title='bbox 809 1854 920 1899; x_wconf 84' lang='lat' dir='ltr'><em>atque</em></span> <span class='ocrx_word' id='word_1_227' title='bbox 946 1851 1025 1888; x_wconf 92' lang='lat' dir='ltr'><em>alia</em></span> <span class='ocrx_word' id='word_1_228' title='bbox 1055 1849 1241 1887; x_wconf 79' lang='lat' dir='ltr'><em>custodire</em></span> <span class='ocrx_word' id='word_1_229' title='bbox 1269 1850 1486 1895; x_wconf 72' lang='lat' dir='ltr'><em>uideantur,</em></span> 
     </span>
     <span class='ocr_line' id='line_1_38' title="bbox 226 1915 1492 1964; baseline 0.001 -13"><span class='ocrx_word' id='word_1_230' title='bbox 226 1915 489 1952; x_wconf 80' lang='lat' dir='ltr'><em>Romanorum</em></span> <span class='ocrx_word' id='word_1_231' title='bbox 509 1919 634 1953; x_wconf 85' lang='lat' dir='ltr'><em>tamen</em></span> <span class='ocrx_word' id='word_1_232' title='bbox 651 1928 797 1964; x_wconf 82' lang='lat' dir='ltr'><em>semper</em></span> <span class='ocrx_word' id='word_1_233' title='bbox 813 1918 860 1955; x_wconf 76' lang='lat' dir='ltr'><em>al)</em></span> <span class='ocrx_word' id='word_1_234' title='bbox 880 1916 1159 1964; x_wconf 80' lang='lat' dir='ltr'><em>antiquioribus</em></span> <span class='ocrx_word' id='word_1_235' title='bbox 1178 1927 1274 1952; x_wconf 85' lang='lat' dir='ltr'><em>usus</em></span> <span class='ocrx_word' id='word_1_236' title='bbox 1294 1915 1391 1962; x_wconf 69' lang='grc' dir='ltr'><em>ιᾒιῐΐ,</em></span> <span class='ocrx_word' id='word_1_237' title='bbox 1403 1919 1492 1962; x_wconf 82' lang='lat' dir='ltr'><em>post</em></span> 
     </span>
     <span class='ocr_line' id='line_1_39' title="bbox 228 1981 1490 2031; baseline 0 -14"><span class='ocrx_word' id='word_1_238' title='bbox 228 1981 473 2019; x_wconf 64' lang='lat' dir='ltr'><em>amixtioncm</em></span> <span class='ocrx_word' id='word_1_239' title='bbox 501 1983 682 2029; x_wconf 84' lang='lat' dir='ltr'><em>propriae</em></span> <span class='ocrx_word' id='word_1_240' title='bbox 719 1984 899 2031; x_wconf 71' lang='lat' dir='ltr'><em>cmziuyis,</em></span> <span class='ocrx_word' id='word_1_241' title='bbox 934 1985 969 2019; x_wconf 91' lang='lat' dir='ltr'><em>et</em></span> <span class='ocrx_word' id='word_1_242' title='bbox 1007 1982 1154 2019; x_wconf 79' lang='lat' dir='ltr'><em>lauacri</em></span> <span class='ocrx_word' id='word_1_243' title='bbox 1182 1981 1490 2028; x_wconf 69' lang='lat' dir='ltr'><em>purificationem</em></span> 
     </span>
     <span class='ocr_line' id='line_1_40' title="bbox 226 2047 1494 2096; baseline 0 -13"><span class='ocrx_word' id='word_1_244' title='bbox 226 2057 408 2093; x_wconf 73' lang='lat' dir='ltr'><em>quaerere,</em></span> <span class='ocrx_word' id='word_1_245' title='bbox 442 2049 476 2084; x_wconf 88' lang='lat' dir='ltr'><em>et</em></span> <span class='ocrx_word' id='word_1_246' title='bbox 513 2048 560 2084; x_wconf 84' lang='lat' dir='ltr'><em>ab</em></span> <span class='ocrx_word' id='word_1_247' title='bbox 597 2048 771 2096; x_wconf 59' lang='lat' dir='ltr'><em>ingressu</em></span> <span class='ocrx_word' id='word_1_248' title='bbox 814 2048 985 2086; x_wconf 66' lang='lat' dir='ltr'><em>ecelesiae</em></span> <span class='ocrx_word' id='word_1_249' title='bbox 1023 2047 1231 2094; x_wconf 83' lang='lat' dir='ltr'><em>paululum</em></span> <span class='ocrx_word' id='word_1_250' title='bbox 1282 2050 1494 2084; x_wconf 83' lang='lat' dir='ltr'><em>reuerenter</em></span> 
     </span>
     <span class='ocr_line' id='line_1_41' title="bbox 228 2111 1491 2161; baseline 0.001 -13"><span class='ocrx_word' id='word_1_251' title='bbox 228 2111 422 2150; x_wconf 79' lang='lat' dir='ltr'><em>abstinere.</em></span> <span class='ocrx_word' id='word_1_252' title='bbox 479 2113 560 2150; x_wconf 87' lang='lat' dir='ltr'><em>Nec</em></span> <span class='ocrx_word' id='word_1_253' title='bbox 578 2113 666 2151; x_wconf 66' lang='lat' dir='ltr'><em>llaec</em></span> <span class='ocrx_word' id='word_1_254' title='bbox 687 2113 852 2151; x_wconf 89' lang='lat' dir='ltr'><em>dicentes</em></span> <span class='ocrx_word' id='word_1_255' title='bbox 870 2114 1021 2161; x_wconf 87' lang='lat' dir='ltr'><em>eulpam</em></span> <span class='ocrx_word' id='word_1_256' title='bbox 1050 2113 1278 2159; x_wconf 83' lang='lat' dir='ltr'><em>deputamus</em></span> <span class='ocrx_word' id='word_1_257' title='bbox 1305 2124 1381 2150; x_wconf 85' lang='lat' dir='ltr'><em>esse</em></span> <span class='ocrx_word' id='word_1_258' title='bbox 1410 2124 1491 2149; x_wconf 88' lang='lat' dir='ltr'><em>con-</em></span> 
     </span>
     <span class='ocr_line' id='line_1_42' title="bbox 226 2176 1491 2226; baseline 0.002 -14"><span class='ocrx_word' id='word_1_259' title='bbox 226 2176 403 2224; x_wconf 72' lang='lat' dir='ltr'><em>iuqium;</em></span> <span class='ocrx_word' id='word_1_260' title='bbox 433 2178 500 2215; x_wconf 90' lang='lat' dir='ltr'><em>sed</em></span> <span class='ocrx_word' id='word_1_261' title='bbox 517 2179 610 2225; x_wconf 87' lang='lat' dir='ltr'><em>quia</em></span> <span class='ocrx_word' id='word_1_262' title='bbox 632 2179 717 2226; x_wconf 87' lang='lat' dir='ltr'><em>ipsa</em></span> <span class='ocrx_word' id='word_1_263' title='bbox 737 2179 840 2216; x_wconf 87' lang='lat' dir='ltr'><em>licita</em></span> <span class='ocrx_word' id='word_1_264' title='bbox 860 2179 1018 2217; x_wconf 69' lang='lat' dir='ltr'><em>amixtio</em></span> <span class='ocrx_word' id='word_1_265' title='bbox 1038 2177 1235 2225; x_wconf 66' lang='lat' dir='ltr'><em>coniuyisT</em></span> <span class='ocrx_word' id='word_1_266' title='bbox 1258 2178 1340 2215; x_wconf 89' lang='lat' dir='ltr'><em>sine</em></span> <span class='ocrx_word' id='word_1_267' title='bbox 1358 2178 1491 2215; x_wconf 79' lang='lat' dir='ltr'><em>uolun-</em></span> 
     </span>
     <span class='ocr_line' id='line_1_43' title="bbox 228 2244 1491 2292; baseline 0.001 -13"><span class='ocrx_word' id='word_1_268' title='bbox 228 2245 303 2280; x_wconf 86' lang='lat' dir='ltr'><em>tate</em></span> <span class='ocrx_word' id='word_1_269' title='bbox 333 2244 460 2281; x_wconf 73' lang='lat' dir='ltr'><em>camzis</em></span> <span class='ocrx_word' id='word_1_270' title='bbox 484 2244 574 2290; x_wconf 79' lang='lat' dir='ltr'><em>fieri</em></span> <span class='ocrx_word' id='word_1_271' title='bbox 603 2256 677 2281; x_wconf 90' lang='lat' dir='ltr'><em>non</em></span> <span class='ocrx_word' id='word_1_272' title='bbox 705 2247 838 2292; x_wconf 76' lang='lat' dir='ltr'><em>potest,</em></span> <span class='ocrx_word' id='word_1_273' title='bbox 877 2257 901 2282; x_wconf 93' lang='lat' dir='ltr'><em>a</em></span> <span class='ocrx_word' id='word_1_274' title='bbox 938 2245 1039 2282; x_wconf 83' lang='lat' dir='ltr'><em>sacri</em></span> <span class='ocrx_word' id='word_1_275' title='bbox 1072 2244 1140 2281; x_wconf 87' lang='lat' dir='ltr'><em>loci</em></span> <span class='ocrx_word' id='word_1_276' title='bbox 1170 2244 1340 2291; x_wconf 73' lang='lat' dir='ltr'><em>inyressu</em></span> <span class='ocrx_word' id='word_1_277' title='bbox 1380 2244 1491 2281; x_wconf 79' lang='lat' dir='ltr'><em>absti-</em></span> 
     </span>
     <span class='ocr_line' id='line_1_44' title="bbox 227 2309 1492 2358; baseline 0.002 -14"><span class='ocrx_word' id='word_1_278' title='bbox 227 2309 398 2346; x_wconf 85' lang='lat' dir='ltr'><em>nendum</em></span> <span class='ocrx_word' id='word_1_279' title='bbox 417 2312 470 2347; x_wconf 87' lang='lat' dir='ltr'><em>est</em></span> <span class='ocrx_word' id='word_1_280' title='bbox 487 2323 500 2355; x_wconf 90' lang='lat'><em>;</em></span> <span class='ocrx_word' id='word_1_281' title='bbox 530 2310 621 2357; x_wconf 87' lang='lat' dir='ltr'><em>quia</em></span> <span class='ocrx_word' id='word_1_282' title='bbox 638 2310 820 2348; x_wconf 85' lang='lat' dir='ltr'><em>uoluntas</em></span> <span class='ocrx_word' id='word_1_283' title='bbox 838 2311 924 2358; x_wconf 85' lang='lat' dir='ltr'><em>ipsa</em></span> <span class='ocrx_word' id='word_1_284' title='bbox 944 2321 1020 2348; x_wconf 87' lang='lat' dir='ltr'><em>esse</em></span> <span class='ocrx_word' id='word_1_285' title='bbox 1040 2310 1122 2347; x_wconf 88' lang='lat' dir='ltr'><em>sine</em></span> <span class='ocrx_word' id='word_1_286' title='bbox 1141 2309 1250 2356; x_wconf 85' lang='lat' dir='ltr'><em>culpa</em></span> <span class='ocrx_word' id='word_1_287' title='bbox 1270 2309 1492 2347; x_wconf 89' lang='lat' dir='ltr'><em>nullatenus</em></span> 
     </span>
     <span class='ocr_line' id='line_1_45' title="bbox 219 2375 1491 2422; baseline 0 -11"><span class='ocrx_word' id='word_1_288' title='bbox 219 2376 353 2420; x_wconf 75' lang='lat' dir='ltr'><em>potest.</em></span> <span class='ocrx_word' id='word_1_289' title='bbox 408 2375 501 2412; x_wconf 77' lang='lat' dir='ltr'><em>Non</em></span> <span class='ocrx_word' id='word_1_290' title='bbox 530 2376 632 2413; x_wconf 87' lang='lat' dir='ltr'><em>enim</em></span> <span class='ocrx_word' id='word_1_291' title='bbox 663 2376 706 2413; x_wconf 88' lang='lat' dir='ltr'><em>de</em></span> <span class='ocrx_word' id='word_1_292' title='bbox 738 2376 925 2414; x_wconf 83' lang='lat' dir='ltr'><em>adulterio</em></span> <span class='ocrx_word' id='word_1_293' title='bbox 956 2376 1019 2412; x_wconf 85' lang='lat' dir='ltr'><em>uel</em></span> <span class='ocrx_word' id='word_1_294' title='bbox 1043 2375 1309 2422; x_wconf 79' lang='lat' dir='ltr'><em>fornicatione,</em></span> <span class='ocrx_word' id='word_1_295' title='bbox 1347 2375 1414 2411; x_wconf 88' lang='lat' dir='ltr'><em>sed</em></span> <span class='ocrx_word' id='word_1_296' title='bbox 1447 2375 1491 2412; x_wconf 89' lang='lat' dir='ltr'><em>de</em></span> 
     </span>
    </p>
   </div>
   <div class='ocr_carea' id='block_1_7' title="bbox 274 2474 1491 2516">
    <p class='ocr_par' dir='ltr' id='par_1_11' title="bbox 274 2474 1491 2516">
     <span class='ocr_line' id='line_1_46' title="bbox 274 2474 1491 2516; baseline 0.002 -10"><span class='ocrx_word' id='word_1_297' title='bbox 274 2474 282 2491; x_wconf 85' lang='lat'><em>¹</em></span> <span class='ocrx_word' id='word_1_298' title='bbox 305 2476 366 2506; x_wconf 84' lang='lat' dir='ltr'><em>sed</em></span> <span class='ocrx_word' id='word_1_299' title='bbox 383 2486 472 2516; x_wconf 81' lang='lat' dir='ltr'><em>quae</em></span> <span class='ocrx_word' id='word_1_300' title='bbox 486 2501 493 2508; x_wconf 89' lang='lat'><strong>.</strong></span> <span class='ocrx_word' id='word_1_301' title='bbox 509 2501 516 2508; x_wconf 90' lang='lat'>.</span> <span class='ocrx_word' id='word_1_302' title='bbox 536 2501 544 2508; x_wconf 92' lang='lat'><em>.</em></span> <span class='ocrx_word' id='word_1_303' title='bbox 557 2477 742 2508; x_wconf 82' lang='lat' dir='ltr'><em>hominem</em></span> <span class='ocrx_word' id='word_1_304' title='bbox 767 2481 886 2509; x_wconf 79' lang='lat' dir='ltr'><em>omitted</em></span> <span class='ocrx_word' id='word_1_305' title='bbox 902 2481 936 2508; x_wconf 80' lang='lat' dir='ltr'><em>in</em></span> <span class='ocrx_word' id='word_1_306' title='bbox 959 2481 1004 2508; x_wconf 83' lang='lat' dir='ltr'><em>tlze</em></span> <span class='ocrx_word' id='word_1_307' title='bbox 1020 2482 1079 2508; x_wconf 69' lang='lat' dir='ltr'><em>text</em></span> <span class='ocrx_word' id='word_1_308' title='bbox 1093 2479 1129 2514; x_wconf 89' lang='lat' dir='ltr'><em>of</em></span> <span class='ocrx_word' id='word_1_309' title='bbox 1145 2477 1201 2516; x_wconf 64' lang='lat' dir='ltr'><em>M„</em></span> <span class='ocrx_word' id='word_1_310' title='bbox 1221 2479 1320 2507; x_wconf 83' lang='lat' dir='ltr'><em>added</em></span> <span class='ocrx_word' id='word_1_311' title='bbox 1343 2487 1381 2506; x_wconf 80' lang='lat' dir='ltr'><em>on</em></span> <span class='ocrx_word' id='word_1_312' title='bbox 1405 2479 1491 2508; x_wconf 68' lang='lat' dir='ltr'><em>lou-er</em></span> 
     </span>
    </p>
   </div>
   <div class='ocr_carea' id='block_1_8' title="bbox 226 2527 1487 2621">
    <p class='ocr_par' dir='ltr' id='par_1_12' title="bbox 226 2527 1487 2621">
     <span class='ocr_line' id='line_1_47' title="bbox 226 2527 1487 2569; baseline 0.002 -13"><span class='ocrx_word' id='word_1_313' title='bbox 226 2530 360 2565; x_wconf 65' lang='lat' dir='ltr'><em>margin.</em></span> <span class='ocrx_word' id='word_1_314' title='bbox 491 2527 503 2545; x_wconf 86' lang='lat'>²</span> <span class='ocrx_word' id='word_1_315' title='bbox 527 2529 690 2569; x_wconf 77' lang='lat' dir='ltr'><em>adjungit</em></span> <span class='ocrx_word' id='word_1_316' title='bbox 706 2530 766 2560; x_wconf 83' lang='lat' dir='ltr'><em>M1.</em></span> <span class='ocrx_word' id='word_1_317' title='bbox 897 2528 909 2546; x_wconf 79' lang='lat'><em>³</em></span> <span class='ocrx_word' id='word_1_318' title='bbox 932 2531 1051 2560; x_wconf 82' lang='lat' dir='ltr'><em>autem</em></span> <span class='ocrx_word' id='word_1_319' title='bbox 1069 2530 1122 2561; x_wconf 38' lang='grc' dir='ltr'><em>ΝΔ.</em></span> <span class='ocrx_word' id='word_1_320' title='bbox 1273 2528 1287 2547; x_wconf 73' lang='lat'>4</span> <span class='ocrx_word' id='word_1_321' title='bbox 1310 2529 1350 2559; x_wconf 85' lang='lat' dir='ltr'><em>in</em></span> <span class='ocrx_word' id='word_1_322' title='bbox 1367 2539 1425 2560; x_wconf 82' lang='lat' dir='ltr'><em>om.</em></span> <span class='ocrx_word' id='word_1_323' title='bbox 1443 2529 1487 2560; x_wconf 87' lang='lat' dir='ltr'><em>M.</em></span> 
     </span>
     <span class='ocr_line' id='line_1_48' title="bbox 226 2579 1120 2621; baseline 0.003 -12"><span class='ocrx_word' id='word_1_324' title='bbox 226 2579 238 2596; x_wconf 78' lang='lat'>⁵</span> <span class='ocrx_word' id='word_1_325' title='bbox 264 2580 374 2610; x_wconf 74' lang='lat' dir='ltr'><em>-tatur</em></span> <span class='ocrx_word' id='word_1_326' title='bbox 390 2580 432 2612; x_wconf 81' lang='lat' dir='ltr'><em>N.</em></span> <span class='ocrx_word' id='word_1_327' title='bbox 522 2579 534 2598; x_wconf 77' lang='lat'><strong>⁶</strong></span> <span class='ocrx_word' id='word_1_328' title='bbox 556 2581 784 2612; x_wconf 81' lang='lat' dir='ltr'><em>dilectionem</em></span> <span class='ocrx_word' id='word_1_329' title='bbox 801 2581 850 2613; x_wconf 70' lang='lat' dir='ltr'><em>Ol.</em></span> <span class='ocrx_word' id='word_1_330' title='bbox 942 2580 954 2597; x_wconf 80' lang='lat'>⁷</span> <span class='ocrx_word' id='word_1_331' title='bbox 978 2582 1059 2621; x_wconf 82' lang='lat' dir='ltr'><em>-giis</em></span> <span class='ocrx_word' id='word_1_332' title='bbox 1076 2582 1120 2612; x_wconf 85' lang='lat' dir='ltr'><em>M.</em></span> 
     </span>
    </p>
   </div>
  </div>
 </body>
</html>
