1803 2887
72 476 133 503 His
148 476 241 503 devo-

71 515 143 542 tion
158 515 279 549 during

74 554 126 582 his
141 554 226 582 sick—

74 602 155 622 ness.

90 1859 168 1888 Last
183 1859 264 1886 fare-

92 1900 165 1927 well
180 1898 215 1925 of

92 1937 252 1966 Benedict

91 1978 157 2005 and
174 1977 242 2011 Sig-

92 2017 167 2045 frid.

299 155 384 196 376
687 155 895 198 Historia
925 155 1154 199 Abbatum

300 272 500 320 parentes,
544 284 666 321 quem
695 271 879 321 primum
911 275 1029 322 partu
1062 272 1255 320 fuderint,
1290 287 1384 312 eum
1412 273 1557 324 princi-

299 336 413 385 pium
440 336 664 375 liberorum
691 351 860 375 suorum
886 352 1137 388 cognoscere,
1162 340 1202 377 et
1221 339 1387 377 caeteris
1410 339 1454 377 in
1473 353 1558 389 par-

301 401 439 440 tienda
459 415 532 440 sua
551 402 778 441 heredItate
798 403 1111 452 praeferendum
1132 404 1279 442 ducere
1299 405 1460 443 solent.'

361 480 417 505 12.
452 467 594 516 Neque
623 467 700 505 hoc
727 468 993 517 reticendum,
1026 470 1134 519 quod
1164 470 1409 508 uenerabilis
1438 469 1561 508 abbas

303 533 552 571 Benedictus
571 533 620 570 ad
638 535 951 582 temperandum
967 547 1061 584 sepe
1080 535 1225 584 longae
1245 535 1377 573 noctis
1391 535 1560 580 tedium,

303 611 426 648 quam
476 612 571 647 prae
618 598 875 638 infirmitatis
927 613 1048 638 onere
1094 600 1265 638 ducebat
1312 601 1558 648 insomnem,

303 664 499 702 aduocato
542 664 698 711 lectore,
742 664 810 702 uel
851 665 1061 714 exemplar
1103 666 1325 715 patientiae
1364 666 1451 714 Iob,
1496 665 1562 703 uel

304 729 416 767 aliud
455 729 553 778 quid
592 730 885 779 scripturarum
925 745 1003 780 quo
1042 731 1323 769 consolaretur
1359 733 1559 780 aegrotus,

306 809 387 844 quo
409 795 624 844 depressus
650 796 694 833 in
720 795 876 834 infimis
900 796 1083 834 uiuacius
1109 797 1159 834 ad
1187 810 1366 846 superna
1394 797 1564 846 erigere-

306 862 374 898 tur
389 860 411 907 ¹,
446 874 580 898 coram
615 874 658 898 se
686 861 846 899 recitari
874 862 1040 900 iubebat
1053 862 1065 881 ³
1136 862 1191 900 Et
1212 862 1306 911 quia
1326 862 1566 900 nullatenus

307 927 357 964 ad
388 926 588 964 orandum
614 939 788 975 surgere,
814 940 898 964 non
925 927 1044 965 facile
1067 928 1116 965 ad
1144 928 1394 976 explendum
1423 927 1567 965 solitae

307 991 556 1042 psalmodiae
585 1005 751 1030 cursum
783 992 969 1041 linguam
999 1006 1195 1031 uocemue
1225 995 1382 1042 poterat
1414 992 1563 1039 leuare,

309 1057 451 1095 didicit
491 1058 554 1095 uir
591 1058 783 1106 prudens,
818 1058 989 1096 affectu3
1028 1058 1238 1108 religionis
1267 1059 1457 1106 dictante,
1491 1071 1564 1107 per

309 1123 493 1172 singulas
534 1123 705 1160 diurnae
743 1123 830 1161 siue
862 1126 1084 1162 nocturnae
1120 1124 1315 1162 orationis
1345 1124 1465 1162 horas
1498 1123 1567 1161 ali-

310 1202 412 1238 quos
439 1189 489 1227 ad
519 1201 562 1226 se
584 1189 760 1226 fratrum
789 1202 941 1237 uocare,
967 1189 1116 1238 quibus
1144 1189 1325 1239 psalmos
1354 1190 1568 1227 consuetos

311 1254 469 1293 duobus
499 1254 544 1291 in
579 1254 712 1291 choris
741 1255 1039 1300 resonantibus,
1073 1256 1114 1292 et
1145 1255 1232 1304 ipse
1263 1268 1358 1292 cum
1391 1255 1449 1293 eis
1477 1267 1569 1303 qua-

312 1323 434 1359 tenus
453 1321 613 1369 poterat
633 1319 856 1368 psallendo,
877 1320 984 1369 quod
1005 1333 1077 1369 per
1095 1334 1138 1358 se
1158 1321 1293 1358 solum
1313 1320 1565 1369 nequiuerat,

313 1399 455 1425 eorum
475 1384 688 1423 iuuamine
707 1380 926 1434 suppleret.

372 1464 430 1499 13.
464 1452 523 1489 At
552 1450 622 1488 ubi
650 1454 808 1498 uterquc
836 1451 960 1489 abbas
993 1451 1193 1490 lassatus4
1228 1452 1457 1499 infirmitate
1489 1450 1572 1489 diu-

314 1516 411 1563 tina,
436 1515 518 1552 iam
548 1528 591 1552 se
618 1515 742 1552 morti
769 1513 772 1562 Ι
798 1515 993 1562 uicinum,
1019 1529 1093 1553 nec
1122 1516 1299 1566 regendo
1323 1515 1573 1554 monasterio
1595 1523 1616 1552 f.
1636 1532 1665 1559 15
1679 1531 1708 1551 a.

316 1582 512 1620 idoneum
551 1580 636 1618 fore
674 1580 913 1629 conspexit;
960 1583 1074 1619 tanta
1111 1595 1290 1630 namque
1328 1594 1397 1619 eos
1439 1580 1574 1618 affecit

318 1647 539 1686 infirmitas
568 1647 711 1694 carnis,
741 1648 788 1684 ut
815 1646 1079 1695 perficeretur
1109 1647 1153 1684 in
1175 1647 1233 1684 eis
1253 1647 1385 1684 uirtus
1405 1646 1571 1694 Christi,
1598 1654 1637 1682 cf.
1655 1662 1668 1680 2
1685 1653 1754 1681 Cor.

319 1715 365 1752 ut
397 1726 490 1751 cum
525 1713 701 1761 quadam
740 1712 805 1749 die
839 1712 1192 1750 desiderantibus⁵
1224 1712 1282 1750 eis
1310 1725 1353 1750 se
1381 1712 1571 1760 inuicem,
1597 1703 1653 1722 xu.
1671 1702 1698 1727 9'

318 1780 556 1830 priusquam
579 1778 628 1815 de
647 1778 724 1815 hoc
749 1778 908 1815 saeculo
933 1778 1167 1827 migrarent,
1192 1778 1330 1816 uidere
1350 1779 1389 1815 et
1409 1777 1574 1826 alloqui,

323 1845 527 1895 Sigfridus
561 1844 605 1881 in
639 1844 788 1881 feretro
827 1844 1109 1892 deportaretur
1137 1844 1187 1881 ad
1218 1843 1465 1891 cubiculum,
1507 1842 1580 1880 ubi

324 1911 572 1950 Benedictus
600 1911 640 1947 et
667 1909 754 1958 ipse
783 1922 855 1947 suo
885 1909 1038 1947 iacebat
1063 1909 1108 1946 in
1135 1909 1311 1958 grabato,
1337 1909 1472 1957 eisque
1497 1920 1580 1945 uno

324 1978 367 2015 in
388 1977 475 2014 1000
496 1974 782 2013 ministrorum
803 1988 930 2012 manu
950 1974 1181 2023 conpositis,
1206 1974 1347 2022 caput6
1367 1974 1580 2022 utriusque

324 2044 367 2081 in
405 2043 548 2079 eodem
587 2040 772 2078 ceruicali
805 2041 1014 2087 locaretur,
1056 2039 1299 2077 lacrimabili
1337 2038 1576 2088 spectaculo,

325 2123 399 2148 nec
420 2110 582 2146 tantum
603 2108 780 2145 habuere
801 2106 965 2154 uirium,
999 2107 1045 2143 ut
1070 2106 1257 2155 proprius
1279 2105 1411 2155 posita
1437 2117 1505 2142 ora
1530 2104 1580 2142 ad

325 2174 593 2213 osculandum
633 2186 675 2209 se
713 2172 957 2210 alterutrum
995 2171 1241 2220 coniungere
1287 2172 1465 2219 possent,
1512 2170 1582 2208 sed

327 2242 367 2279 et
392 2241 467 2278 hoc
497 2240 676 2276 fraterno
706 2238 1004 2287 conpleuerunt
1029 2236 1182 2284 offici03
1211 2236 1327 2274 mit&
1355 2236 1585 2273 Benedictus
1607 2248 1692 2275 Hist.

327 2319 414 2344 cum
451 2319 507 2351 eo,
542 2317 717 2353 cumque
754 2302 959 2341 uniuersis
987 2302 1186 2350 fratribus
1222 2301 1376 2338 salubri
1414 2301 1580 2348 consilio,

327 2371 444 2410 acciit
490 2370 679 2408 abbatem
723 2368 968 2416 Ccoffi'iclum,
1012 2381 1136 2417 quem
1181 2365 1429 2405 monasterio
1474 2365 1585 2404 beati

1610 2327 1650 2354 16.

375 2482 381 2497 ¹
407 2481 563 2520 erigetur
580 2479 639 2518 HK.
656 2478 708 2509 A1.
810 2477 822 2494 2
845 2478 989 2508 uidebat
1006 2477 1045 2507 Β.
1148 2476 1159 2492 ³
1181 2478 1274 2507 -tum
1292 2477 1354 2517 HI.
1457 2474 1468 2492 ‘¹
1492 2485 1583 2506 assa-

330 2536 388 2565 tus
404 2531 455 2563 A¹.
562 2533 573 2550 ⁵
598 2534 708 2562 -ratus
726 2530 773 2569 H,
787 2541 794 2569 ;
818 2531 969 2561 -rassent
986 2533 1024 2569 Δ,
1043 2531 1182 2566 omitting
1197 2529 1256 2561 eis.
1361 2527 1372 2544 ⁶
1395 2527 1509 2568 capud
1526 2527 1585 2566 H„

327 2585 339 2602 ⁷
364 2586 455 2616 inito
472 2594 552 2624 ergo
570 2588 608 2614 Δ.

1607 2288 1715 2315 Anon.
1730 2286 1746 2322 ἓ

1780 1427 1782 1440 ,ι

1780 1445 1785 1460 1,

1780 1462 1781 1475 η

1780 1478 1785 1491 ¹.

1779 1496 1781 1513 1

1780 1519 1781 1532 η

1779 1535 1781 1553 Ι
