1803 2887
79 1172 128 1199 He
136 1171 284 1202 becomes

77 1211 167 1244 prior
180 1212 216 1239 of

78 1250 206 1279 Lindis-

78 1290 181 1318 farne.

322 130 407 170 270
679 131 888 174 Historia
918 133 1226 176 Ecclesiastiea
1421 143 1505 184 [Lm.
1522 145 1579 177 IV.

319 250 483 286 sumeret
498 261 510 294 ;
540 259 670 286 omnes
693 249 842 296 palam,
877 261 974 296 quae
1008 253 1210 297 cesserant,
1253 251 1464 297 confitendo
1490 264 1578 300 pro·

313 313 472 359 ferrent,
496 314 588 361 quia
606 315 795 351 nimirum
813 315 903 352 lzaec
929 315 1060 353 eadem
1078 316 1190 353 illum
1210 317 1323 354 latere
1341 318 1446 354 nullo
1469 318 1578 356 modo

309 379 536 425 putabant;
567 382 601 417 et
626 380 798 427 confessa
827 380 963 427 diynis,
996 384 1041 418 ut
1072 382 1294 429 imperabat,
1324 384 1578 430 poenitentiae
1600 386 1640 431 gf,-
1658 386 1734 416 Luc.
1788 368 1789 409 3

309 442 507 488 finietibus
539 445 801 492 abstergserent.
859 445 1011 483 Solebat
1047 449 1176 484 autem
1213 458 1257 484 ea
1294 449 1459 485 maoeime
1498 448 1577 486 loca
1599 428 1696 493 {2¹55ss
1789 442 1790 446 ¹

309 520 529 556 peragyrare,
555 510 632 547 illis
643 511 866 557 praedicare
886 512 928 548 in
948 512 1097 557 uieulis,
1122 512 1188 558 qui
1206 513 1249 549 in
1269 513 1403 550 arduis
1422 515 1577 560 asperis·
1600 503 1645 531 ὠ·
1663 506 1688 532 8·

315 585 385 620 que
405 576 599 613 montibus
612 577 745 624 procul
756 577 875 623 positi
895 577 983 614 aliis
997 577 1142 614 horrori
1157 580 1267 614 erant
1286 578 1337 615 ad
1355 579 1570 626 uisendum,

315 642 351 676 et
361 644 591 687 paupertate
602 642 752 688 pariter
774 653 819 679 ac
844 643 1055 680 rusticitate
1082 654 1154 679 sua
1181 643 1375 680 doetormn
1395 644 1576 682 arcebant

313 717 512 743 accessum.
575 706 675 755 Quos
696 710 820 745 tamen
840 708 901 745 ille
913 709 983 755 pio
1004 708 1160 745 libenter
1173 710 1417 755 mancipatus
1437 710 1568 757 labori,

312 773 422 808 tanta
446 772 637 810 doctrinae
659 774 808 811 solertis
836 774 1022 811 excolebat
1050 773 1254 820 industria,
1279 776 1323 811 ut
1351 774 1395 811 de
1423 786 1572 813 monas-

312 837 405 874 terio
431 848 610 885 cyressus',
640 850 747 886 saepe
769 839 969 877 ebdomade
994 840 1152 886 integra,
1187 839 1395 886 aliquando
1422 840 1572 879 duabus

311 903 371 940 uel
404 904 535 952 tribus,
564 916 859 951 nonnumquam
887 905 1001 942 etiam
1029 916 1156 941 mense
1172 905 1288 951 pleno
1318 905 1471 942 domum
1493 917 1572 943 non

310 969 474 1015 rediret;
522 970 590 1007 sed
626 971 842 1008 demoratus
879 971 921 1007 in
962 970 1168 1016 montanis,
1202 971 1349 1017 plebem
1386 972 1570 1008 rusticam

309 1035 423 1072 uerbo
448 1036 747 1082 praedicationis
778 1036 895 1073 simul
922 1038 955 1073 et
984 1046 1088 1082 opere
1124 1036 1284 1072 uirtutis
1316 1036 1368 1073 ad
1397 1037 1569 1074 caelestia

307 1103 469 1138 uocaret.

364 1166 461 1205 Cum
480 1178 564 1214 eryo
582 1167 811 1204 uenerabilis
828 1167 988 1204 Domini
995 1167 1175 1214 famulus
1193 1167 1331 1204 multos
1350 1167 1392 1203 in
1407 1167 1568 1204 Ilffailro-
1591 1174 1633 1202 ib.
1651 1183 1676 1202 c.
1696 1175 1736 1203 16.

306 1231 440 1269 nensi¹
471 1232 699 1270 monasterio
724 1232 860 1279 decens
886 1244 1008 1270 annos
1036 1232 1196 1281 magnis
1224 1233 1415 1269 uirtutum
1447 1233 1569 1279 siquis

307 1296 532 1346 effulgeret,
571 1298 769 1335 transtulit
804 1308 890 1335 eum
926 1298 1255 1335 reuerentissimus
1293 1298 1409 1334 abbas
1446 1299 1567 1344 ipsius

306 1363 414 1401 Eata
432 1363 482 1400 ad
507 1363 682 1401 insulam
702 1363 1100 1410 Lindisfarnensium‚
1123 1366 1167 1400 ut
1189 1364 1241 1399 'ibi
1267 1374 1411 1409 quoque
1429 1362 1564 1400 fratri-

305 1427 382 1465 bus
411 1428 639 1466 custodiam
670 1427 906 1476 disciplinae
935 1428 1133 1477 regularis
1161 1432 1195 1466 et
1227 1429 1451 1470 azmtoritate
1471 1441 1564 1476 pro-

297 1495 418 1541 positi
462 1493 675 1531 intimaret
718 1494 758 1531 et
796 1493 958 1542 propria
1003 1493 1162 1530 actione
1202 1494 1561 1542 praemonstraret.

302 1559 410 1597 Nam
444 1562 478 1597 et
515 1560 643 1607 ipsum
677 1560 798 1596 locum
837 1563 925 1597 tunc
956 1560 1057 1596 idem
1094 1561 1421 1597 reuerentissimus
1450 1562 1564 1606 pater

303 1626 451 1663 abbatis
482 1625 565 1662 iure
595 1625 754 1672 reyebat.
815 1624 1028 1673 Siquidem
1058 1637 1082 1662 a
1115 1624 1371 1672 temporibus
1405 1623 1562 1662 ibidem

302 1690 493 1739 antiquis,
536 1691 577 1727 et
618 1689 831 1738 episcopus
869 1703 964 1728 cum
1002 1689 1119 1737 clero,
1163 1690 1203 1727 et
1245 1689 1369 1727 abbas
1407 1690 1560 1728 solebat

301 1768 466 1793 manere
496 1769 591 1794 cum
621 1755 860 1803 monachis3
889 1755 961 1804 qui
988 1756 1127 1792 tamen
1162 1756 1202 1792 et
1232 1755 1311 1803 ipsi
1340 1755 1391 1792 ad
1420 1768 1559 1805 curam

300 1822 477 1870 episcopi
488 1821 746 1859 familiariter
760 1821 1023 1869 pertinerent.
1079 1820 1182 1868 Quia
1194 1820 1394 1858 nimirum
1407 1820 1552 1867 Aidan,

298 1889 366 1935 qui
386 1889 540 1934 primus
568 1889 649 1926 eius
678 1888 746 1924 loci
774 1888 965 1934 episcopus
983 1887 1078 1933 fuit,
1109 1898 1195 1923 cum
1224 1886 1435 1923 monachis
1461 1886 1558 1924 illuc

297 1954 338 1990 et
359 1953 445 2002 ipse
465 1954 675 1992 monachus
694 1952 921 1990 adueniens
940 1953 1199 1990 monachicam
1218 1952 1260 1988 in
1282 1964 1328 1989 eo
1348 1965 1557 1990 conuersa-

296 2017 452 2056 tionem
500 2018 710 2066 instituit;
757 2017 963 2067 quomodo
1012 2019 1052 2055 et
1094 2017 1207 2066 prius
1253 2017 1397 2055 beatus
1442 2019 1581 2065 pater'

295 2082 548 2131 Auyustinus
584 2084 628 2121 in
667 2083 810 2122 Oantia
835 2081 838 2130 1
865 2083 1007 2120 fecisse
1044 2082 1236 2130 noscitur,
1280 2082 1482 2120 scribente
1519 2082 1556 2120 ei
1579 2089 1653 2128 f·95
1666 2092 1694 2120 b.

296 2146 632 2184 reuerentissimo
644 2159 755 2194 papa
777 2147 970 2193 Gressorio,
996 2145 1102 2194 quod
1123 2147 1164 2183 et
1188 2158 1309 2194 supra
1327 2145 1550 2194 posuimus.

301 2212 397 2250 ‘Sed
434 2213 527 2260 quia
564 2215 633 2250 tua
663 2211 920 2259 fraternitas‚’
949 2210 1096 2259 inquit,
1139 2211 1385 2248 ‘monasterii
1417 2212 1556 2258 reculis

294 2279 444 2316 erudita
469 2290 638 2316 seorsum
656 2278 746 2325 fieri
771 2289 850 2315 non
877 2277 983 2314 debet
1007 2288 1031 2314 a
1057 2277 1196 2314 clericis
1223 2277 1313 2324 suia
1338 2277 1382 2314 in
1402 2278 1555 2315 ecclesia

292 2342 524 2391 Arzylorum,
549 2355 645 2391 quae
666 2354 792 2390 nuper
809 2345 957 2380 auctore
977 2342 1058 2379 Deo
1081 2342 1133 2379 ad
1145 2342 1265 2388 fidem
1275 2342 1462 2389 perducta
1483 2345 1547 2390 est,

292 2409 391 2447 lianc
411 2409 514 2446 (lebet
532 2409 855 2446 conuersationem
877 2407 1082 2453 instituere,
1108 2418 1205 2454 quae
1229 2407 1339 2444 initio
1359 2408 1551 2446 nascentis
1573 2413 1646 2443 Act.
1663 2415 1703 2443 iv.

291 2475 461 2512 ecclesiae
472 2473 558 2521 fuit
568 2474 751 2521 patribus
774 2473 940 2518 nostris‚·
970 2473 1013 2509 ‘in
1039 2472 1176 2519 quibus
1198 2472 1330 2510 nullus
1353 2483 1481 2510 eorum
1506 2484 1550 2510 ex
1572 2455 1739 2530 {if—{2³42}
1779 2461 1784 2500 ἶ

587 2559 595 2576 ¹
620 2559 768 2590 -rosensi
784 2559 821 2590 C.
838 2559 891 2600 N„
911 2561 974 2589 and
989 2569 1020 2589 so
1035 2558 1119 2589 Vita
1137 2558 1248 2589 Cudb.
