1803 2887
85 1117 193 1146 Death
209 1117 246 1145 of

86 1158 200 1191 Oswy;
221 1165 292 1185 5116-

85 1197 209 1225 cession
226 1196 262 1224 of

86 1236 211 1271 ngrid.

94 1836 230 1866 Couneil
245 1836 281 1863 of

94 1876 261 1910 Hertford,

93 1918 179 1951 Sept.
198 1925 240 1951 24,

94 1958 128 1991 67
131 1965 154 1990 3.

302 149 388 189 214
668 146 720 188 H
718 145 879 187 istoria
905 145 1210 187 Ecclessiastz'ca
1399 153 1485 194 [Lm.
1502 155 1560 187 1V.

305 260 496 300 uidelicet
515 260 814 298 monasterium
844 273 973 309 usque
1001 260 1122 297 hodie
1150 260 1201 298 ab
1221 260 1372 310 Anglis
1399 262 1565 298 tenetur

304 326 460 365 11160115.
536 325 681 375 Ipsum
720 338 898 375 namque
937 327 1009 373 est,
1045 325 1152 374 quod
1186 338 1296 362 nunc
1330 326 1482 375 grande
1514 325 1564 363 de

305 392 465 430 modico
487 391 688 439 effectum,
710 390 873 440 Muigeo
894 392 1087 429 consuete
1107 392 1284 438 uocatur,
1302 392 1342 428 et
1358 390 1564 428 conuersis

305 458 547 496 iamdudum
584 456 634 493 ad
673 456 841 494 meliora
879 457 1071 493 instituta
1109 456 1312 503 omnibus,
1356 456 1565 505 egregium

306 536 478 561 examen
509 522 693 560 continet
724 522 1030 569 monachorum,
1055 521 1126 570 qui
1159 521 1208 558 de
1241 521 1451 570 prouincia
1483 522 1567 559 An-

306 589 470 638 glorum
500 587 654 625 ibidem
693 587 864 634 collecti,
906 586 955 624 ad
995 586 1229 635 exemplum
1266 586 1566 624 uenerabilium

307 656 472 703 patrum
493 652 568 690 sub
589 651 727 702 regula
754 654 794 690 et
815 651 959 690 abbate
989 651 1182 689 canonico
1208 651 1252 688 in
1277 665 1426 701 magna
1446 652 1570 690 conti-

308 720 449 757 nentia
468 720 506 756 et
529 718 763 756 sinceritate
781 717 944 767 proprio
965 717 1102 755 labore
1122 730 1323 755 manuum
1343 716 1488 755 uiuant
1503 715 1526 755 ¹.

838 849 959 888 CAP.
992 849 1042 888 V.

312 962 354 991 De
370 963 461 990 morte
479 962 575 991 Osuiu
591 962 616 989 et
631 960 784 995 Ecybercli
796 956 807 973 2
821 968 937 996 reglum,
957 961 982 988 et
997 960 1032 987 de
1047 959 1158 994 synodo
1168 956 1179 973 ³
1186 959 1275 994 facia
1291 959 1333 986 ad
1348 958 1445 987 locum
1461 958 1574 987 Herm-

515 1013 611 1049 forda
623 1010 644 1049 ⁴,
663 1013 713 1039 cm·
727 1012 916 1047 praesidebat
928 1012 1169 1047 archiepiscopus
1186 1012 1361 1039 Theodorus.

370 1106 492 1143 ANNo
526 1103 753 1143 dominicae
789 1103 1079 1141 incarnationis
1117 1102 1371 1150 DCLXXmo,
1410 1104 1481 1152 qui
1514 1104 1575 1141 est

314 1184 449 1209 annus
477 1171 680 1208 secundus
710 1184 759 1209 ex
788 1183 868 1219 quo
897 1168 1146 1206 Brittaniam
1175 1168 1290 1206 uenit
1322 1169 1570 1215 Theodorus,

316 1237 444 1275 Osuiu
474 1250 545 1274 rex
573 1235 1014 1285 Nordanhymbrorum
1043 1247 1205 1283 pressus
1229 1236 1290 1271 est
1318 1234 1571 1282 infirmitate,

315 1314 395 1349 qua
414 1303 455 1338 et
475 1302 662 1338 mortuus
682 1302 744 1338 est
771 1312 880 1338 anno
903 1297 1047 1336 aetatis
1067 1311 1162 1335 suae
1182 1298 1362 1336 LVIIIO.
1424 1299 1503 1346 Qui
1531 1299 1574 1336 in

315 1367 482 1403 tantum
521 1379 567 1403 eo
607 1368 792 1415 tempore
839 1364 1056 1402 tenebatur
1101 1376 1239 1400 amore
1287 1364 1497 1401 Romanae
1536 1366 1577 1402 et

317 1430 562 1480 apostolicae
582 1430 865 1478 institutionis,
884 1432 938 1475 ut,
957 1429 990 1466 si
1005 1429 1055 1466 ab
1075 1428 1317 1466 infirmitate
1337 1429 1573 1477 saluaretur,

319 1496 444 1534 etiam
482 1497 657 1534 Romam
692 1496 843 1544 uenire,
886 1495 1026 1544 ibique
1060 1495 1109 1532 ad
1148 1494 1235 1532 loca
1273 1496 1412 1532 sancta
1449 1494 1578 1532 uitam

319 1562 437 1599 finire
458 1563 702 1611 disponeret,
728 1561 1037 1609 Uilfridumque
1065 1559 1299 1608 episcopum
1326 1560 1472 1597 ducem
1500 1560 1579 1598 sibi

320 1626 480 1664 itineris
510 1627 607 1674 fieri,
632 1627 833 1676 promissa
859 1627 862 1671 Ι
889 1638 972 1662 11011
1003 1638 1128 1673 parua
1161 1624 1427 1673 pecuniarum
1461 1625 1579 1662 dona-
1616 1656 1622 1663 .

321 1692 445 1740 tione,
484 1694 652 1743 rogaret.
712 1693 790 1740 Qui
828 1691 1046 1729 defunctus
1084 1690 1149 1727 die
1183 1690 1262 1728 XV
1296 1690 1580 1728 Kalendarum

321 1758 563 1796 Martiarum
583 1758 825 1808 Ecgfridum
838 1758 850 1776 ⁵
871 1757 1003 1794 filium
1032 1756 1148 1805 regni
1174 1756 1367 1793 heredem
1387 1756 1553 1805 reliquit
1571 1770 1580 1803 3

322 1824 437 1861 6111115
484 1838 592 1862 anno
635 1823 753 1873 regni
796 1823 897 1870 1110,
941 1822 1179 1859 Theodorus
1218 1820 1324 1870 cogit
1362 1821 1580 1859 concilium

323 1889 613 1938 episcoporum⁷
634 1903 715 1927 una
736 1902 829 1926 cum
850 1889 918 1935 eis,
940 1888 1011 1936 qui
1031 1886 1223 1924 canonica
1242 1887 1407 1935 patrum
1429 1888 1581 1925 statuta

322 1957 363 1992 et
392 1955 621 2004 diligerent,
651 1957 691 1992 et
720 1956 899 2002 nossent,
925 1952 1131 2002 magistris
1161 1952 1352 1989 ecclesiae
1380 1952 1577 2001 pluribus.

324 2021 482 2068 Quibus
504 2021 655 2070 pariter
681 2019 945 2069 congregatis,
970 2018 1189 2067 diligenter
1217 2030 1272 2064 ea,
1297 2030 1400 2066 quae
1429 2017 1582 2055 unitati

325 2087 433 2135 pacis
471 2085 764 2123 ecclesiasticae
812 2085 1094 2133 congruerent,
1140 2096 1186 2120 eo
1224 2096 1304 2131 quo
1342 2082 1582 2131 pontificem

325 2151 502 2199 decebat,
527 2152 675 2199 animo,
696 2151 827 2200 coepit
848 2148 1101 2188 obseruanda
1122 2148 1274 2185 docere.
1335 2147 1462 2186 Cuius
1492 2160 1582 2197 syn·

326 2217 462 2254 odicae
491 2217 661 2255 actionis
689 2215 929 2254 huiusmodi
958 2215 1096 2251 textus
1126 2214 1215 2250 est:

379 2283 432 2320 In
473 2284 623 2320 nomine
659 2283 820 2320 Domini
865 2282 941 2319 Dec·
988 2283 1022 2318 et
1062 2279 1278 2317 Sala-acoris
1322 2279 1445 2316 nostri
1490 2279 1583 2316 Iesu

327 2347 483 2395 Christi,
525 2351 708 2396 reynante
747 2349 786 2385 22„
825 2349 1054 2395 pemaemum
1101 2356 1145 2382 ac
1189 2344 1427 2392 yufberwame
1473 2356 1584 2381 suam

326 2414 516 2452 eeclesiam
545 2415 672 2452 eodem
703 2413 872 2451 Domino
901 2412 995 2449 Iesu
1027 2409 1184 2457 Christo,
1202 2410 1353 2457 placuit
1384 2410 1585 2447 conuenire

371 2522 382 2539 1
407 2523 540 2553 uiuunt
557 2521 614 2554 ΒΞ).
702 2521 714 2539 ²
737 2521 915 2552 ecberchti
933 2520 970 2552 C.
1089 2519 1101 2536 ³
1124 2518 1182 2550 -da
1200 2518 1238 2550 C.
1356 2516 1367 2534 ⁴
1390 2517 1530 2549 heorut-
1547 2517 1584 2549 C.

330 2575 341 2593 ⁵
363 2575 537 2607 ecfridum
554 2575 591 2606 G.
