1803 2887
79 1182 189 1216 f.57a.

44 1862 118 1890 Uita

3 1898 5 1906 ’
43 1901 154 1930 Fursei

43 1940 166 1969 incerto

44 1982 182 2015 auctore,

237 167 314 197 ΟΜ».
332 163 439 204 ΧΙΧ.]
647 157 798 199 Gentis
829 158 1097 212 A'ngslorum.
1411 162 1492 202 163

234 262 399 309 gentem
412 260 657 298 Merciorum
673 261 774 299 duce
787 274 878 311 rege
891 262 1034 299 Penda
1049 262 1246 300 aduersus
1263 262 1494 302 Orientales

234 326 396 375 Anglos
420 326 463 363 in
484 325 641 363 bellum
667 327 892 374 procedere,
918 327 998 376 qui,
1025 327 1125 365 dum
1145 341 1189 365 se
1214 328 1429 366 inferiores
1449 329 1493 366 in

234 390 343 428 bello
375 391 563 428 hostibus
597 391 888 440 conspicerent,
925 394 1174 441 rogauerunt
1209 393 1492 442 Sigberctuml

233 456 283 493 ad
313 456 642 493 confirmandum
668 456 848 494 militem
877 470 1015 494 secum
1039 457 1181 495 uenire
1205 457 1249 495 in
1273 459 1488 506 proelium.

234 520 314 558 Illo
352 520 519 558 nolente
566 534 610 558 ac
659 521 970 569 contradicente,
1014 522 1197 560 inuitum
1245 524 1493 561 monasterio

233 587 420 623 eruentes
468 586 673 624 duxerunt
725 586 770 624 in
825 589 1042 634 certamen,
1094 590 1302 636 sperantes
1354 589 1494 626 minus

232 649 393 688 animos
440 651 624 688 militum
672 651 885 700 trepidare,
937 651 1077 689 minus
1123 655 1336 701 praesente
1392 654 1493 691 duce

235 716 442 764 quondam
458 716 746 754 strenuissimo
761 719 801 754 et
822 716 972 754 eximio
992 730 1110 765 posse
1128 717 1271 767 fugam
1286 719 1487 757 meditari.

234 780 314 818 Sed
334 781 421 829 ipse
443 781 707 830 professionis
733 795 829 819 suae
854 795 939 819 non
966 782 1182 830 inmemor,
1208 784 1308 821 dum
1330 783 1466 832 opimo
1480 783 1492 802 ²

235 848 341 884 esset
360 846 538 884 uallatus
559 847 749 895 exercitu,
775 847 943 884 nonnisi
968 848 1129 896 uirgam
1155 850 1320 886 tantum
1341 850 1492 887 habere

233 911 279 948 in
298 924 424 949 manu
445 911 577 949 uoluit
595 927 604 950 ε
634 912 867 961 occisusque
891 915 952 950 est
967 926 1050 951 una
1066 926 1160 950 cum
1176 927 1269 963 rege
1284 914 1451 963 Ecgrice
1464 916 1486 961 ²,

233 978 274 1014 et
307 979 478 1015 cunctus
511 991 662 1024 eorum,
697 978 985 1016 insistentibus
1015 979 1193 1028 paganis,
1233 993 1371 1017 caesus
1405 980 1492 1018 siue

233 1041 442 1092 dispersus
456 1044 469 1062 ⁴
490 1042 700 1080 exercitus.

289 1108 506 1146 Successor
538 1110 677 1146 autem
717 1108 832 1157 regni
870 1110 1038 1147 eorum5
1069 1109 1202 1148 factus
1241 1112 1302 1148 est
1340 1112 1492 1149 Anna⁶

233 1174 344 1212 filius
364 1174 445 1212 Enj
472 1172 476 1224 Ι
502 1174 551 1211 de
571 1173 682 1223 regio
703 1187 862 1223 genere,
883 1174 948 1212 uir
963 1175 1154 1223 optimus,
1175 1177 1297 1225 atque
1313 1177 1492 1225 optimae

233 1239 394 1288 genitor
414 1239 576 1287 sobolis,
603 1239 651 1277 de
679 1239 828 1288 quibus
854 1240 899 1277 in
925 1241 1191 1290 sequentibus
1215 1255 1288 1279 suo
1309 1244 1491 1291 tempore

233 1306 452 1344 dicendum
484 1307 570 1353 est-3
609 1305 679 1354 qui
714 1307 754 1343 et
788 1305 874 1355 ipse
908 1308 1046 1356 postea
1076 1307 1126 1345 ab
1160 1308 1304 1345 eodem
1333 1321 1491 1357 pagano

233 1372 479 1409 Merciorum
504 1372 614 1419 duce,
643 1384 666 1409 a
694 1385 772 1420 quo
799 1374 839 1410 et
866 1373 1196 1421 prodecessores⁷
1216 1373 1314 1422 eius,
1339 1374 1493 1412 occisus

232 1439 302 1476 est.

726 1572 846 1611 CAP.
882 1572 945 1609 XI
951 1571 998 1609 X.

237 1673 273 1701 Ut
284 1673 421 1701 Fursfns
433 1673 519 1708 apud
533 1673 826 1708 Orz'entcdesAnylos
841 1672 1180 1707 monas-fernumfecerit
1192 1682 1204 1707 A:
1228 1674 1253 1701 ef
1269 1673 1303 1700 (le
1322 1673 1493 1701 uisionz'bus

340 1725 387 1753 uel
410 1726 567 1753 sanctitate
591 1725 666 1760 eins,
693 1725 743 1752 cui
766 1726 859 1752 eriam
884 1734 951 1752 caro
969 1726 1038 1760 post
1063 1727 1185 1753 mortem
1209 1725 1385 1760 'incorrupta

651 1778 857 1805 testimoniam
877 1778 1077 1812 perlzz'lmerit.

287 1854 445 1892 UERUM
475 1854 575 1892 dum
596 1854 727 1892 adhuc
755 1854 941 1903 Sigberct
957 1854 968 1873 ς
998 1854 1114 1904 regni
1139 1854 1293 1892 infulas
1320 1856 1487 1902 teneret,

233 1920 470 1969 superuenit
510 1921 553 1958 cle
590 1921 783 1958 Hibernia
817 1922 880 1957 w'r
917 1921 1085 1957 sanctus
1114 1921 1268 1958 ozomine
1305 1921 1486 1967 Fam-sens,

232 1986 356 2023 uerbo
387 1987 425 2023 et
454 1985 612 2024 actibus
634 1987 773 2033 clarus,
796 1986 862 2024 secl
890 1987 929 2022 et
960 1985 1132 2035 egregiis
1161 1985 1338 2035 insignis
1367 1985 1492 2024 uirtu-

232 2051 353 2099 tibus,
378 2051 547 2100 cupiens
566 2064 639 2100 pro
659 2051 850 2099 Domino,
875 2051 1123 2100 ubicumque
1144 2051 1222 2089 sibi
1242 2053 1491 2100 oportunum

233 2116 449 2163 inueniret,
491 2116 748 2166 peregrinam
787 2117 931 2154 ducere
970 2116 1110 2154 uitam.
1192 2117 1270 2164 Qui
1309 2130 1401 2154 cum
1441 2117 1490 2155 ad

185 2213 190 2219 .
232 2182 486 2231 prouinciam
517 2182 790 2220 Orientalium
824 2181 1080 2230 peruenisset
1110 2183 1380 2231 Anglorumff’,
1414 2195 1493 2221 sus-

233 2251 359 2296 ceptus
377 2251 431 2286 est
449 2249 653 2295 leonorffice
674 2260 696 2285 α
718 2259 798 2295 resse
816 2247 1008 2296 praefato,
1035 2250 1073 2285 et
1095 2248 1265 2285 solitum
1292 2248 1369 2285 sibi
1390 2261 1492 2297 opus

233 2313 538 2363 euangelizandi
568 2326 804 2362 exsequens,
840 2313 996 2350 multos
1023 2315 1063 2351 et
1093 2314 1280 2362 exemplo
1309 2313 1486 2361 uirtutis,

234 2380 273 2416 et
300 2378 568 2416 incitamento
597 2378 807 2424 sermonis,
839 2378 906 2416 uel
936 2379 1169 2417 incredulos
1197 2380 1246 2417 ad
1277 2379 1491 2418 Christum

276 2482 287 2499 ¹
310 2484 509 2515 -berchtum
527 2484 551 2515 C
569 2495 576 2523 ;
599 2485 795 2515 -berectum
812 2484 855 2515 N.
980 2482 992 2500 ²
1015 2485 1133 2523 opinio
1148 2485 1191 2515 N.
1325 2484 1337 2500 ³
1361 2494 1413 2514 -co
1430 2483 1491 2520 B2;

233 2537 366 2575 egerico
383 2536 434 2567 02.
532 2536 543 2554 4
567 2537 746 2576 dispersus
762 2538 813 2566 est
829 2536 870 2567 B.
971 2536 982 2554 ⁵
1006 2537 1149 2567 illorum
1167 2537 1210 2568 N.
1311 2536 1322 2554 ⁶
1344 2537 1431 2566 anni
1448 2536 1489 2566 N.

232 2587 244 2605 ⁷
267 2598 337 2619 ·sor
352 2589 389 2619 C.
406 2588 459 2620 B'2.
537 2588 548 2605 ὃ
571 2589 708 2619 —bercht
727 2589 752 2619 C
767 2599 774 2626 ;
798 2587 939 2618 -berech
957 2588 999 2619 N.
1087 2589 1098 2606 ⁹
1121 2589 1216 2629 angl.
1233 2599 1328 2628 pern.
1347 2588 1384 2619 C.
1401 2587 1454 2619 13².

823 2659 896 2684 ΜΖ

1518 1870 1588 1899 Life
1603 1870 1638 1898 of
1650 1871 1696 1899 St.

1517 1910 1630 1938 Fursa.
