1803 2887
46 1638 154 1676 1292a

252 155 330 186 CAP.
349 150 625 193 XX11[XX1v].]
688 143 840 186 Gentis
870 143 1141 198 Anylorum.
1428 145 1508 185 261

250 261 290 296 et
311 261 397 297 tota
423 259 582 308 genesis
604 258 786 305 historia,
811 258 861 296 de
886 271 1050 307 egressu
1077 258 1205 296 Israel
1233 272 1281 296 ex
1304 259 1508 308 Aegypto,

252 327 293 362 et
313 324 501 373 ingressu
521 324 565 361 in
585 326 740 361 terram
766 323 1107 371 repromissionis,
1133 324 1182 361 de
1205 324 1296 361 aliis
1319 324 1512 372 plurimis

251 402 384 427 sacrae
418 389 644 438 scripturae
673 388 865 435 historiis,
901 389 950 426 de
979 388 1262 426 incarnatione
1292 389 1505 436 dominica,

248 454 436 503 passione
451 456 470 502 ¹,
504 453 811 501 resurrectione,
846 455 886 491 et
916 453 1152 491 ascensione
1185 454 1228 491 in
1258 454 1426 501 caelum,
1461 455 1510 492 de

249 520 426 568 Spiritus
473 519 613 557 Sancti
659 519 851 566 aduentu,
895 521 934 556 et
982 519 1263 567 apostolorum
1311 519 1505 558 doctrina.

248 584 357 622 Item
378 585 426 622 de
446 587 598 622 terrore
618 584 749 621 futuri
768 583 920 631 iudicii,
946 585 985 621 et
1002 584 1169 621 horrore
1192 598 1346 633 poenae
1361 585 1508 634 gehen—

247 650 364 697 nalis,
410 663 455 688 ac
503 649 718 688 dulcedine
767 649 883 698 regni
930 649 1115 686 caelestis
1154 650 1287 687 multa
1328 650 1509 688 carmina

244 714 445 762 faciebat3
476 715 545 752 sed
573 716 612 752 et
640 714 719 752 alia
747 715 938 763 perplura
967 714 1017 751 de
1046 714 1255 752 beneficiis
1282 718 1321 753 et
1345 715 1508 753 iudiciis

245 780 409 827 diuinis,
433 780 477 818 in
499 780 648 829 quibus
668 780 829 817 cunctis
854 779 1044 817 homines
1071 780 1121 817 ab
1142 793 1280 817 amore
1305 780 1506 818 scelerum

244 846 491 892 abstrahere,
529 845 580 882 ad
620 845 881 882 dilectionem
917 858 1014 882 uero
1049 847 1089 882 et
1128 845 1338 883 solertiam
1376 846 1507 884 bonae

244 910 414 948 actionis
451 911 627 948 excitare
672 910 849 949 curabat.
911 911 1011 948 Erat
1059 911 1170 948 enim
1216 911 1279 948 uir
1320 911 1505 949 multum

243 975 466 1025 religiosus,
484 978 525 1013 et-
540 975 797 1025 regularibus
815 975 1044 1024 disciplinis
1060 976 1277 1014 humiliter
1292 976 1482 1014 subditus
1497 991 1505 1023 ;

243 1042 463 1079 aduersum
498 1054 595 1079 uero
625 1041 732 1088 illos,
768 1041 837 1090 qui
869 1041 988 1079 aliter
1016 1042 1148 1079 facere
1179 1041 1385 1089 uolebant,
1420 1042 1506 1079 zelo

242 1107 382 1157 magni
403 1108 575 1145 feruoris
594 1120 787 1145 accensus
807 1122 815 1155 ;
846 1108 957 1145 unde
977 1110 1017 1145 et
1038 1107 1209 1156 pulchro
1234 1107 1365 1144 uitam
1385 1121 1502 1145 suam

242 1173 325 1210 fine
345 1173 557 1211 conclusit.

298 1238 404 1276 Nam
430 1238 735 1287 propinquante
758 1239 858 1276 hora
882 1238 946 1276 sui
973 1239 1171 1285 decessus,
1198 1238 1339 1276 XIIII
1359 1238 1503 1276 diebus

241 1303 533 1352 praeueniente
570 1317 761 1353 corporea
798 1304 1040 1342 infirmitate
1085 1317 1250 1353 pressus
1288 1306 1361 1351 est,
1404 1304 1503 1342 adeo

240 1371 381 1406 tamen
409 1369 630 1417 moderate,
656 1372 701 1407 ut
726 1372 766 1407 et
792 1370 903 1419 loqui
932 1372 1020 1408 toto
1049 1383 1095 1407 eo
1111 1368 1123 1387 ⁴²
1143 1372 1326 1418 tempore
1349 1372 1498 1418 posset,

241 1437 282 1472 et
310 1434 484 1483 ingredi.
543 1435 642 1472 Erat
671 1438 810 1473 autem
840 1435 885 1472 in
913 1435 1104 1484 proximo
1134 1448 1234 1483 casa,
1259 1435 1304 1472 in
1334 1448 1414 1484 qua
1444 1435 1503 1473 in-

239 1499 442 1537 firmiores
462 1502 501 1537 et
523 1501 593 1549 qui
613 1514 739 1550 prope
759 1501 952 1538 morituri
973 1514 1060 1539 esse
1081 1501 1337 1549 uidebantur,
1362 1501 1502 1538 induci

240 1566 436 1604 solebant.
498 1567 673 1616 Rogauit
703 1580 798 1616 ergo
827 1566 1067 1604 ministrum
1097 1580 1221 1604 suum
1251 1580 1419 1615 uespere
1444 1566 1502 1604 in-

241 1631 469 1679 cumbente,
494 1635 612 1670 nocte
641 1645 721 1681 qua
750 1633 799 1670 de
829 1632 987 1670 saeculo
1017 1634 1103 1670 erat
1133 1632 1328 1679 exsturus,
1360 1630 1363 1682 1
1390 1634 1437 1670 ut
1456 1632 1501 1670 in

239 1709 285 1734 ea
323 1697 401 1734 sibi
434 1698 569 1735 locum
605 1698 840 1747 quiescendi
880 1700 1167 1747 praepararet3
1202 1698 1273 1747 qui
1311 1698 1496 1745 miratus,

239 1776 310 1800 cur
330 1763 406 1800 hoc
428 1766 599 1812 rogaret,
621 1763 693 1812 qui
720 1777 980 1813 nequaquam
1006 1764 1139 1801 adhuc
1163 1763 1391 1801 moriturus
1411 1777 1498 1801 esse

238 1827 466 1872 uidebatur,
492 1828 586 1866 fecit
605 1830 757 1876 tamen,
782 1829 891 1878 quod
912 1829 1080 1868 dixerat.
1138 1829 1324 1878 Cumque
1344 1829 1499 1866 ibidem

238 1893 363 1941 positi
396 1894 580 1932 uicissim
611 1894 747 1943 aliqua
776 1895 978 1944 gaudente
1007 1895 1156 1942 animo⁷
1190 1908 1272 1932 una
1301 1908 1395 1932 cum
1425 1894 1494 1942 eis,

239 1959 310 2007 qui
341 1959 497 1997 ibidem
528 1960 646 1997 ante³
680 1960 854 2007 inerant,
880 1961 1148 2010 loquerentur
1178 1974 1223 1998 ac
1251 1960 1494 2008 iocarentur,

237 2026 278 2061 et
308 2024 390 2062 iam
424 2025 581 2063 mediae
614 2026 749 2063 noctis
779 2028 943 2075 tempus
977 2028 1083 2063 esset
1117 2028 1412 2074 transcensum,
1439 2026 1497 2064 in-

237 2090 470 2139 terrogauit,
505 2091 540 2128 si
579 2091 869 2129 eucharistiam
908 2092 1021 2129 intus
1058 2092 1269 2130 haberent.
1321 2092 1499 2141 Respon—

238 2155 388 2193 debant
405 2170 413 2194 :
449 2158 457 2174 ⁶
475 2156 580 2204 Quid
601 2170 704 2205 opus
725 2158 785 2194 est
807 2157 1084 2195 eucharistia?
1113 2171 1246 2206 neque
1263 2158 1375 2195 enim
1391 2159 1498 2196 mori

238 2221 369 2258 adhuc
396 2221 532 2269 habes,
557 2221 626 2271 qui
650 2224 736 2260 tam
762 2222 948 2260 hilariter
976 2223 1192 2261 nobiscum
1217 2224 1333 2261 uelut
1360 2237 1498 2273 sospes

238 2287 442 2335 loqueris.'
500 2287 657 2325 Rursus
676 2288 770 2326 ille:
811 2291 819 2306 ⁴
835 2289 888 2326 Et
913 2289 1080 2336 tamen‚’
1105 2289 1172 2336 ait,
1204 2290 1370 2327 ‘afferte
1390 2290 1494 2327 mihi

238 2352 551 2390 eucharistiam.’
610 2353 698 2401 Qua
726 2356 889 2402 accepta
918 2354 963 2391 in
992 2367 1128 2402 manu,
1154 2354 1432 2404 interrogauit,
1462 2355 1497 2393 si

238 2430 382 2454 omnes
417 2418 623 2467 placidum
661 2432 756 2468 erga
800 2432 842 2457 se
881 2419 1080 2468 animum,
1123 2422 1163 2458 et
1205 2420 1293 2457 sine
1331 2421 1498 2470 querela

238 2483 537 2520 controuersiae
583 2497 629 2522 ac
675 2485 857 2522 rancoris
904 2485 1114 2524 haberent.
1175 2486 1495 2535 Respondebant

302 2567 314 2586 ¹
337 2570 498 2609 passione
514 2572 549 2601 et
566 2571 604 2601 Β.
694 2569 706 2587 ²
728 2581 768 2602 eo
781 2574 855 2602 toto
868 2572 914 2603 M.
1005 2572 1016 2589 3
1040 2575 1146 2604 antea
1157 2573 1182 2604 C
1199 2584 1207 2612 ;
1232 2576 1316 2604 ante
1328 2583 1368 2604 ea
1382 2573 1423 2605 N.

1528 1246 1625 1280 Story
1640 1249 1675 1274 of

1527 1286 1579 1313 his
1594 1287 1701 1314 death.
