1803 2887
67 1524 268 1553 Foundation

66 1566 101 1591 of
110 1565 221 1592 Wear-

66 1603 191 1639 mouth,
216 1605 268 1638 674

65 1652 91 1671 Α.
108 1653 136 1672 D.

67 1874 226 1902 Benedict

67 1915 119 1941 obt
123 1913 196 1941 ains

66 1952 246 1981 architects

66 1993 152 2020 from
164 1992 259 2022 Gaul.

69 2108 210 2137 Ceolfrid

67 2148 183 2176 retires
196 2150 231 2175 to

70 2187 186 2222 Ripon,
203 2188 263 2214 but

69 2227 96 2254 is
110 2227 253 2254 induced

69 2269 102 2292 to
117 2268 243 2294 return.

288 175 374 216 390
681 172 890 215 Historia
919 172 1146 215 Abbatwm

290 288 423 332 Gallie,
448 290 486 324 et
512 286 633 330 Itah‘e,
658 287 722 322 sed
748 289 786 323 et
813 287 1023 322 Insularum
1048 286 1219 332 partibus
1245 286 1424 330 lustratis,
1449 287 1545 324 anti-

290 359 446 391 quorum
464 348 606 380 statuta
623 344 932 380 monasteriorum
950 345 1025 380 iam
1042 344 1237 380 notissima
1253 345 1422 381 haberet.

338 406 369 440 6.
397 404 568 448 Denique
594 404 730 439 referre
755 405 834 439 erat
861 403 1002 447 solitus,
1022 403 1111 448 quia
1134 403 1317 449 regulam,
1340 416 1453 448 quam
1480 405 1546 440 do-

290 463 413 506 cebat,
431 462 471 496 in
489 461 759 506 antiquissimis
780 461 877 495 ΧῡΕΗΒ
895 464 933 496 et
950 461 1083 495 VH¹⁵0¹¹¹
1101 462 1337 497 monasteriis
1353 462 1547 505 didicerat,

292 523 330 556 et
357 531 524 564 quaeque
548 520 772 563 ubicumque
791 519 936 564 optima
953 519 1119 559 uidisset,
1143 520 1249 564 haec,
1274 520 1379 564 quasi
1404 520 1444 554 in
1470 532 1547 556 sac·

291 579 373 614 culo
399 578 456 613 sui
479 577 640 622 pectoris
666 577 868 619 recondita,
897 577 1227 622 Brittanniamque
1255 578 1413 623 perlata,
1439 578 1547 614 nobis

291 637 479 682 sequenda
512 636 721 671 tradiderit.
781 635 852 671 Sed
885 635 982 671 sicut
1017 636 1205 671 Barnabas
1235 637 1434 681 apostolus,
1463 649 1547 672 cum

291 698 388 731 esset
405 695 464 729 uir
480 695 610 736 bonus,
630 694 836 739 plenusque
861 694 1005 739 Spiritu
1024 694 1161 729 Sancto
1173 694 1185 714 ¹
1208 706 1250 729 ac
1269 695 1352 738 fide,
1371 695 1548 730 docturus

289 754 514 789 Antiochiae
544 753 664 798 primo
691 753 796 788 uenit
825 753 989 797 Tarsum,
1016 753 1081 787 ubi
1107 752 1252 788 sciebat
1277 765 1355 788 esse
1382 753 1545 796 Saulum,

291 825 402 857 quem
427 812 529 847 inter
554 812 768 846 rudimenta
799 813 992 856 susceptae
1026 811 1112 846 fidei
1139 822 1276 856 magna
1301 811 1377 846 iam
1403 812 1546 848 dedisse

293 874 295 915 ᾗ
318 870 540 906 meminerat
552 870 692 905 indicia
703 869 866 914 uirtutis,
874 872 916 904 ut
928 870 998 904 hoc
1012 881 1098 904 usus
1112 869 1281 905 adiutore
1294 870 1548 906 ministerium

292 929 408 970 uerbi,
436 928 557 964 sicut²
583 929 844 973 proposuerat,
869 927 1070 972 impleret;
1107 928 1168 963 uel
1198 928 1293 963 sicut
1322 929 1469 973 Moyses
1501 929 1549 964 ad

292 989 470 1023 ducatum
504 987 763 1022 Israheliticae
797 986 918 1031 plebis
951 986 997 1020 ab
1026 986 1108 1030 ipso
1142 986 1301 1021 Domino
1336 987 1479 1023 electus
1512 990 1551 1023 et

294 1047 457 1090 edoctus,
479 1057 525 1081 ne
550 1045 648 1080 solus
670 1044 769 1080 tanti
792 1045 937 1089 pondus
960 1044 1153 1089 regiminis
1174 1045 1294 1081 subire
1318 1045 1550 1090 formidaret,

293 1105 417 1140 Aaron
451 1104 577 1139 fratris
607 1103 747 1138 auxilio
775 1103 948 1147 stipatur,
974 1114 1046 1146 quo
1077 1103 1267 1138 sacerdote
1295 1107 1335 1139 et
1364 1105 1552 1149 propheta

293 1163 443 1198 adiutus
477 1164 690 1207 susceptum
724 1161 951 1205 adimpleret
979 1160 1161 1202 officiu1n;
1196 1160 1247 1196 sic
1283 1161 1471 1207 nimirum,
1497 1163 1550 1198 sic

293 1220 570 1257 memorabllis3
611 1219 726 1254 abbas
766 1218 1001 1260 Benedictus,
1042 1230 1125 1253 cum
1164 1221 1260 1255 esset
1298 1220 1338 1254 in
1380 1221 1550 1256 omnibus

293 1279 513 1315 monasterii
540 1277 747 1323 disciplinis
772 1276 1083 1312 instructissimus
1096 1277 1121 1320 4,
1146 1277 1187 1312 in
1212 1280 1459 1314 construendo
1487 1291 1551 1315 suo

294 1337 519 1374 monasterio
538 1335 742 1372 Ceolfri>615
767 1335 954 1380 quaesiuit
977 1335 1172 1377 auxilium,
1199 1336 1262 1380 qui
1282 1339 1320 1372 et
1341 1338 1524 1383 regularis
1539 1338 1553 1358 ⁶

293 1395 569 1432 obseruantiam
586 1395 689 1430 uitae
708 1394 791 1439 pari
809 1394 1000 1429 doctrinae
1024 1394 1149 1429 studio
1169 1395 1346 1438 firmaret,
1366 1398 1404 1431 et
1422 1396 1552 1431 altaris

294 1455 455 1491 officium
474 1453 673 1489 sacerdotii
690 1453 810 1498 gradu
829 1453 1033 1497 suppleret.

1572 644 1612 689 cf.
1630 644 1702 673 Act..

1571 692 1615 711 xl.
1632 692 1676 718 24,
1691 693 1730 718 25.

1573 879 1595 907 f.
1612 889 1642 913 23
1658 888 1685 908 a.

1574 1052 1677 1081 Exod.
1695 1053 1739 1082 iv.
1777 1075 1778 1081 ,

1578 1093 1674 1126 14816.

341 1524 372 1558 7.
398 1514 586 1558 Ceperunt
603 1514 729 1547 autem
747 1511 943 1546 aedificare
961 1511 1229 1547 monasterium
1254 1511 1360 1547 iuxta
1385 1512 1546 1548 ostium⁷
1571 1520 1668 1548 Baed.

291 1572 389 1607 Wiri
415 1571 589 1613 fluminis,
615 1581 712 1605 anno
739 1569 951 1605 dominicae
978 1569 1248 1605 incarnationis
1278 1571 1548 1607 sexcentesimo

292 1629 572 1676 septuagesimo
599 1629 718 1671 1111t0,
738 1628 943 1663 indictione
961 1628 1027 1669 Ha,
1047 1640 1143 1663 anno
1169 1631 1299 1664 autem
1324 1632 1457 1674 quarto
1481 1630 1553 1665 im-

292 1689 388 1735 perii
412 1687 584 1734 ngrffii8
609 1686 718 1733 regiS,
738 1689 897 1731 accepta
914 1687 960 1721 ab
979 1697 1022 1722 eo
1044 1689 1155 1729 terra,
1176 1687 1297 1732 primo
1322 1688 1554 1724 familiarum

291 1747 577 1793 quinquaginta,
597 1748 730 1790 postea
747 1756 908 1789 namque
931 1745 991 1780 uel
1014 1745 1130 1790 ipsius
1154 1746 1215 1780 uel
1239 1745 1399 1780 aliorum
1422 1759 1552 1793 regum

292 1806 549 1849 nobiliumque
576 1803 778 1839 donatione
808 1803 849 1837 in
872 1802 1017 1838 maius⁹
1042 1805 1195 1838 auctum
1227 1807 1294 1839 est.
1346 1804 1516 1841 Secundo
1527 1805 1556 1824 ¹⁰

292 1864 443 1900 fundati
466 1862 685 1898 monasterii
711 1873 819 1904 anno⁷
846 1861 1075 1897 Benedictus
1097 1873 1198 1897 mare
1224 1862 1410 1899 transiens
1436 1863 1554 1899 archi-

293 1926 413 1960 tectos
452 1934 474 1957 a
511 1920 794 1956 Torhthelmo11
828 1920 977 1964 abbate,
1011 1920 1150 1954 dudum
1190 1920 1261 1954 sibi
1295 1920 1336 1955 in
1374 1921 1554 1957 amicitiis

294 1982 433 2023 iuncto,
470 1992 627 2025 quorum
664 1978 878 2024 magisterio
913 1980 951 2014 et
984 1990 1097 2023 opere
1128 1978 1324 2014 basilicam
1352 1980 1398 2015 de
1427 1980 1553 2025 lapide

295 2042 448 2081 faceret,
467 2038 594 2084 petiit,
613 2040 862 2082 acceptosque
881 2037 926 2072 de
945 2036 1068 2072 Gallia
1091 2037 1349 2072 Brittanniam
1366 2039 1553 2083 perduxit.

344 2102 374 2134 8.
403 2098 513 2143 Cepit
542 2097 688 2132 interea
716 2097 846 2131 tedere
874 2095 1104 2131 Ceolfridum
1132 2096 1329 2140 prioratus,
1357 2097 1552 2142 magisque

299 2160 303 2203 ί
326 2158 518 2193 delectare
530 2155 558 2175 ¹²
574 2155 729 2191 libertas
754 2153 998 2189 monachicae
1025 2153 1162 2198 quietis
1189 2166 1302 2198 quam
1328 2154 1443 2190 alieni
1467 2167 1556 2191 cura

297 2215 502 2262 regiminis.
564 2214 659 2248 Nam
701 2217 740 2248 et
781 2212 942 2247 inuidias
984 2213 1216 2257 quorundam
1253 2212 1448 2255 nobilium,
1492 2213 1557 2258 qui

295 2275 505 2320 regularem
525 2272 603 2308 eius
622 2271 859 2316 disciplinam
878 2271 974 2306 ferre
993 2271 1210 2315 nequibant,
1229 2270 1557 2316 insecutionesque

296 2333 514 2379 patiebatur
545 2330 775 2371 accerrimas,
802 2341 1045 2373 reuersusque
1073 2329 1120 2363 ad
1146 2328 1416 2365 monasterium
1450 2342 1556 2364 suum

341 2435 351 2452 ¹
377 2439 497 2468 sancto
515 2436 643 2476 spiritu
659 2436 686 2467 δ.
788 2433 800 2450 ²
823 2435 915 2464 sicut
931 2443 988 2464 om.
1003 2432 1049 2464 Ηι
1068 2443 1075 2471 ;
1100 2433 1194 2472 quod
1208 2431 1269 2464 ΗΞ.
1355 2433 1367 2451 ³
1390 2433 1556 2463 memoris

298 2489 344 2520 H.
458 2488 469 2505 ⁴
493 2488 580 2517 -mis
597 2486 656 2518 H¹.
767 2485 779 2503 ⁵
804 2485 854 2516 -di
871 2486 898 2516 δ.
1002 2485 1013 2503 ⁶
1036 2485 1201 2524 regulans
1217 2483 1277 2516 H1.
1391 2482 1402 2500 ⁷
1426 2484 1557 2515 ostium

297 2552 355 2572 om.
377 2541 423 2571 H.
513 2538 524 2556 ⁸
547 2539 599 2569 -di
616 2540 645 2570 δ.
724 2538 736 2556 ⁹
759 2538 897 2576 magius
914 2536 966 2575 H3
990 2537 1130 2577 magnis
1146 2538 1174 2568 δ.
1263 2535 1288 2554 ¹⁰
1311 2546 1376 2567 sec.
1389 2537 1511 2567 autem
1527 2535 1556 2567 δ.

297 2594 320 2611 ¹¹
344 2595 510 2627 tortelmo
527 2595 555 2625 δ.
658 2591 682 2610 ¹²
705 2593 750 2624 -ri
769 2592 816 2623 H.
834 2592 863 2624 δ.

1573 1560 1609 1596 ἐξ
1624 1569 1652 1595 4,
1668 1569 1692 1594 5-

1578 2160 1601 2189 f.
1619 2170 1649 2195 23
1664 2161 1692 2188 b.
