1803 2887
316 175 402 214 374
712 171 761 212 H
764 170 919 213 istoria
951 169 1180 212 Abbcttum

316 286 441 325 simul
488 289 528 325 et
575 286 751 324 fratrum
800 285 837 323 ei
883 286 1197 324 commissorum
1238 286 1444 322 cateruam
1491 297 1576 322 non

315 365 497 402 paucam,
521 365 593 401 per
615 353 761 389 cuncta
790 352 1000 400 grassante
1020 352 1249 399 pestilentia,
1274 350 1354 387 iam
1381 349 1579 398 migrasse

86 424 235 474 {lectior}
251 423 287 451 of
317 419 367 456 de
415 418 586 455 saeculo.
647 418 726 455 Sed
773 418 912 455 aderat
952 419 993 454 et
1040 416 1233 463 solamen,
1278 417 1371 464 quia
1408 415 1452 452 in
1490 415 1578 453 loco

86 464 261 537 {ffigsslssfm
316 481 603 531 AEosterwynst
632 484 771 519 uirum
804 495 931 530 aeque
961 481 1342 519 reuerentissimum
1372 493 1417 518 ac
1450 480 1579 518 mitis-

85 543 213 609 32:⁷32&-
318 548 472 586 simum
511 548 561 585 de
613 547 863 585 monasterio
901 547 1056 594 eodem,
1092 546 1354 594 Sieyfiiclunffl
1385 545 1578 583 uidelicet

319 615 532 659 diaconum,
557 612 755 650 electione
778 614 963 660 fratrum
984 625 1153 649 suorum
1174 611 1299 648 simul
1320 613 1360 648 et
1380 612 1579 649 coabbatis

318 679 406 716 eius
455 679 649 726 Ceolfridi,
703 691 799 715 mox
846 677 1118 714 substitutum
1172 676 1390 725 cognouit3
1445 677 1578 713 uirum

317 743 485 781 scientia
522 743 689 792 quidem
727 744 1010 790 scriptwarum
1044 742 1292 779 sufficienter
1328 743 1572 787 instructum,

318 809 503 846 moribus
541 808 707 857 optimis
745 809 947 855 ornatum,
980 809 1080 845 mira
1118 807 1389 844 abstinentiae
1422 806 1578 844 uirtute

316 874 557 923 praeditum,
583 874 653 911 sed
678 874 727 911 ad
754 873 981 910 custodiam
1006 873 1210 910 uirtutum
1237 872 1376 918 animi,
1401 871 1579 921 corporis

317 938 559 976 infirmitate
585 936 588 987 l
616 952 699 976 non
737 938 910 975 minime
949 938 1197 987 depressum,
1233 937 1310 975 ad³
1341 950 1577 975 conseruan-
1602 944 1622 972 f.
1642 945 1712 980 131).

318 1004 412 1041 dam
443 1004 575 1041 cordis
603 1003 884 1040 innocentiam
913 1003 1060 1040 nociuo
1089 1006 1130 1041 et
1159 1003 1460 1040 inremediabili
1488 1003 1578 1052 pul-

317 1082 491 1106 monum
511 1069 613 1106 uitio
633 1069 901 1107 laborantem.

86 1140 239 1185 Sickness
254 1139 290 1167 of
378 1147 435 1172 11,
471 1135 554 1171 Nec
588 1134 722 1171 multo
755 1135 847 1182 post
877 1134 1000 1171 etiam
1031 1133 1280 1171 Benedictus
1313 1134 1398 1182 ipse
1436 1134 1579 1172 morbo

86 1180 248 1253 ξὲἓρξίῑῑέ
319 1200 448 1248 caepit
469 1199 686 1249 ingruente
713 1199 884 1248 fatigari.
967 1199 1023 1237 Ut
1051 1199 1163 1236 enim
1186 1201 1345 1237 tantam
1371 1199 1580 1248 religionis

86 1258 160 1286 frid·
318 1265 560 1302 instantiam
592 1265 714 1302 etiam
748 1264 965 1312 patientiae
995 1264 1128 1302 uirtus
1156 1264 1347 1301 adiuncta
1375 1265 1574 1313 probaret,

319 1330 459 1367 diuina
479 1332 700 1378 utrumque
719 1329 847 1378 pietas
867 1329 1083 1378 temporali
1106 1330 1337 1378 egritudine
1356 1330 1579 1379 prostrauit

317 1395 361 1432 in
383 1395 567 1442 lectum;
596 1396 643 1432 ut
671 1396 764 1443 post
793 1394 1070 1444 egritudinem
1099 1397 1232 1432 morte
1262 1395 1464 1432 deuictam
1492 1408 1578 1444 per—

315 1462 438 1509 petua
467 1473 665 1509 supernae
693 1459 804 1508 pacis
833 1462 872 1497 et
904 1459 1006 1497 lucis
1035 1460 1171 1508 quiete
1200 1460 1410 1498 refoueret.
1472 1461 1579 1498 Nam

317 1530 358 1563 et
389 1526 630 1574 Sigf1·idus⁴,
664 1527 710 1562 ut
740 1524 930 1572 diximus,
964 1525 1087 1574 longa
1115 1525 1358 1563 interiorum
1391 1526 1579 1564 molestia

317 1591 537 1640 castigatus
567 1590 677 1628 diem
706 1590 896 1638 peruenit
923 1591 973 1628 ad
1003 1590 1224 1638 ultimum;
1264 1592 1304 1628 et
1331 1591 1579 1629 Benedictus

316 1669 390 1705 per
429 1656 655 1693 triennium
695 1656 891 1704 languore
930 1656 1130 1704 paulatim
1169 1656 1426 1694 adcrescente
1463 1658 1579 1695 tanta

317 1721 485 1770 paralisi
514 1721 738 1759 dissolutus
762 1723 833 1768 est,
858 1723 905 1758 ut
927 1721 978 1758 ab
1007 1721 1122 1758 omni
1144 1734 1310 1770 prorsus
1336 1721 1579 1759 inferiorum

317 1787 600 1824 membrorum
620 1786 749 1823 factus
770 1785 824 1823 sit
844 1787 957 1834 parte
985 1788 1280 1835 praemortuus,
1306 1787 1580 1835 superioribus

318 1852 465 1900 solum,
501 1852 589 1889 sine
619 1864 793 1900 quorum
822 1851 910 1888 uita
937 1851 1077 1889 uiuere
1105 1852 1251 1901 nequit
1270 1852 1405 1900 homo,
1429 1852 1480 1890 ad
1500 1852 1581 1889 offi-

320 1917 427 1954 cium
449 1917 670 1966 patientiae
689 1917 968 1965 uirtutemque
994 1917 1234 1964 reseruatis3
1264 1918 1484 1955 studebant
1509 1917 1579 1955 111ὃ

321 1982 461 2020 dolore
501 1994 649 2030 semper
683 1981 877 2019 Auctori6
913 1983 1062 2030 yratias
1109 1982 1267 2029 referre,
1309 1995 1470 2032 semper
1503 1983 1580 2020 Dei

88 2055 272 2083 Benedjet’s
321 2047 510 2085 laudibus
567 2047 811 2084 fraternisue
868 2046 1102 2084 hortatibus
1160 2060 1312 2085 uacare.
1392 2048 1602 2097 Agebat?

88 2095 277 2162 ῗὲἒιξξὲῒῖ),
321 2112 573 2150 Benedictus
604 2112 870 2149 aduenientes
904 2112 1041 2160 sepius
1070 2113 1120 2150 ad
1159 2125 1201 2150 se
1233 2113 1378 2150 fratres
1408 2113 1458 2150 de
1496 2126 1581 2151 cus·

87 2181 154 2201 ren.
320 2177 523 2224 todienda,
573 2190 696 2226 quam
740 2179 946 2224 statuerat,
989 2177 1128 2226 regula
1169 2177 1358 2216 firmare:
1412 2178 1580 2228 ‘Neque

318 2242 431 2279 enim
451 2246 594 2291 putare
615 2242 802 2289 habetis‚'
822 2242 969 2291 inquit,
999 2243 1131 2291 ‘quod
1152 2255 1200 2279 ex
1226 2256 1318 2280 meo
1346 2243 1446 2280 haec
1476 2257 1579 2292 quae
1602 2256 1642 2284 of.
1656 2257 1742 2285 Hist.

316 2307 435 2345 uobis
469 2308 595 2345 statui
629 2307 789 2345 decreta
818 2307 1008 2345 indoctus
1045 2309 1164 2346 corde
1202 2308 1455 2357 protulerim.
1516 2309 1579 2346 Ex
1602 2297 1772 2334 Anon.g·6.

318 2373 440 2411 decem
473 2373 622 2422 quippe
657 2376 692 2410 et
723 2376 859 2421 septem
890 2375 1133 2411 monasteriis
1163 2386 1264 2422 quae
1295 2373 1405 2411 inter
1435 2373 1580 2423 longos

362 2476 372 2493 ¹
396 2479 601 2509 eosterwini
627 2479 670 2510 D.
698 2479 734 2509 P.
765 2479 814 2517 B3
853 2479 972 2509 —uuini
1003 2479 1051 2517 C;
1089 2480 1201 2519 -wyni
1230 2480 1280 2518 F;
1315 2481 1509 2511 aesterwini
1539 2484 1578 2511 A.

317 2528 328 2546 ²
351 2530 414 2560 sic·
432 2535 460 2560 Δ
478 2541 486 2569 ;
510 2531 575 2570 sig·
592 2531 633 2562 D.
653 2531 691 2562 P.
709 2531 750 2561 B.
770 2531 805 2561 F.
909 2531 921 2546 ³
944 2533 979 2561 et
995 2531 1039 2561 ad
1057 2535 1095 2561 Δ.
1175 2530 1186 2547 ¹
1212 2532 1276 2562 sic-
1293 2536 1333 2563 A.
1422 2532 1433 2549 ⁵
1457 2535 1578 2564 autem

316 2586 355 2615 in
373 2589 411 2616 A.
503 2586 515 2603 ⁶
537 2587 627 2616 auct.
648 2586 810 2616 omnium
828 2584 880 2616 ΔΞ.
972 2583 983 2601 ⁷
1008 2586 1156 2625 augebat
1174 2586 1231 2622 H„
