1803 2887
99 549 160 576 His
174 549 265 576 third

100 588 177 616 visit
192 591 227 615 to

100 628 208 655 Romo.

97 2050 147 2077 He
161 2051 294 2077 returns

96 2091 131 2115 to
147 2088 277 2116 Britain

96 2128 179 2155 with
204 2128 304 2155 Theo-

94 2168 181 2195 dore.

331 164 415 204 366
726 163 932 205 Historia
964 162 1191 206 Abbatum

330 278 544 316 biennium
574 278 742 316 idonea¹
772 278 1020 316 monasticae
1050 277 1370 316 conuersationis
1405 277 1588 316 doctrina

331 343 558 391 institutus,
595 357 736 381 rursus
773 344 882 381 beati
919 344 1034 382 Petri
1073 344 1351 393 apostolorum
1389 343 1586 392 principis

329 422 465 447 amore.
487 409 684 457 deuictus,
709 411 907 447 sacratam
939 409 1025 447 eius
1051 423 1215 458 corpore
1243 409 1453 446 ciuitatem
1481 421 1588 458 repe—

328 476 423 513 dare
444 475 598 513 statuit.

386 554 418 588 3.
455 540 538 577 Nec
569 542 660 589 post
692 539 864 589 longum
894 540 1140 578 adueniente
1171 538 1306 578 naue²
1332 538 1582 586 mercatoria,

330 605 529 643 desiderio
550 606 753 644 satisfecit.
816 607 1044 644 lio-autem
1078 609 1263 655 tempore
1293 606 1461 643 miserat
1491 605 1587 654 Ecg-

329 671 524 708 berchtus
544 671 858 710 Cantuariorum
887 685 959 709 rex
988 672 1037 709 de
1067 671 1304 709 Brittannia
1332 671 1507 708 electum
1535 671 1584 708 ad

330 736 584 785 episcopatus
614 736 793 774 officium
821 737 960 775 uirum
991 737 1160 774 nomine
1193 736 1489 785 Uighardunffl,
1516 736 1586 784 qui

328 815 350 839 a
380 802 577 839 Romanis
604 797 713 840 beati
740 816 866 852 papae
883 803 894 821 ⁴
917 803 1100 852 Gregorii
1131 801 1340 850 discipulis
1369 801 1413 838 in
1444 801 1587 839 Cantia

329 867 459 905 fuerat
481 868 596 905 omni
616 868 907 906 aecclesiastica
926 868 1188 905 institutione
1209 867 1457 905 sufficienter
1476 867 1585 904 edoc-

329 935 425 980 tus3
469 933 636 982 cupiens
674 947 768 971 eum
807 933 886 971 sibi
925 934 1078 971 Romae
1115 933 1294 971 ordinari
1332 932 1579 981 episcopum,

329 998 522 1047 quatinus
542 1012 637 1036 suae
657 999 791 1047 gentis
807 1000 847 1036 et
862 999 1026 1048 linguae
1041 999 1195 1035 habens
1210 997 1450 1044 antistitem,
1469 1000 1584 1035 tanto

328 1064 546 1113 perfectius
580 1078 674 1102 cum
709 1064 901 1102 subiectis
935 1064 1013 1101 sibi
1046 1064 1207 1113 populis
1239 1064 1304 1101 uel
1338 1063 1477 1101 uerbis
1515 1062 1584 1100 im-

328 1130 523 1167 bueretur
560 1130 655 1167 fidei
694 1130 759 1167 uel
799 1129 1036 1179 mysteriis3
1077 1131 1230 1178 quanto
1264 1130 1359 1166 haec
1400 1142 1483 1166 non
1514 1142 1586 1177 per

328 1194 605 1243 interpretem,
625 1195 694 1232 sed
715 1208 786 1243 per
806 1195 965 1243 cognati
986 1197 1026 1232 et
1041 1195 1281 1232 contribulis
1301 1194 1379 1232 uiri
1399 1194 1584 1243 linguam

328 1260 453 1297 simul
468 1274 720 1309 manumque
733 1260 966 1308 susciperet.
1007 1260 1086 1307 Qui
1099 1260 1288 1297 uidelicet
1306 1259 1585 1309 Uicghardus⁵

329 1326 503 1362 Romam
546 1325 729 1372 ueniens,
772 1338 866 1362 cum
905 1323 908 1376 Ι
946 1324 1104 1363 cunctis
1152 1325 1222 1374 qui
1260 1338 1398 1362 secum
1437 1338 1586 1362 uenere

328 1391 556 1438 comitibus,
592 1393 811 1439 antequam
847 1391 1019 1439 gradum
1049 1391 1313 1439 pontificatus
1346 1390 1581 1440 perciperet,

327 1456 471 1494 morbo
501 1457 720 1506 ingruente
752 1456 970 1494 defunctus
1002 1458 1073 1494 est.
1133 1457 1192 1493 At
1215 1470 1311 1494 uero
1341 1469 1444 1505 papa
1473 1469 1584 1505 apos-

326 1522 483 1569 tolicus,
509 1535 560 1559 ne
589 1521 792 1571 legatariis
821 1521 1068 1559 obeuntibus
1097 1521 1245 1571 legatio
1274 1521 1463 1570 religiosa
1492 1522 1586 1559 fide-

326 1587 431 1624 lium
464 1588 599 1625 fructu
632 1589 889 1635 competente
920 1588 1082 1633 careret,
1121 1586 1226 1624 inito
1260 1586 1431 1624 consilio
1463 1586 1583 1636 elegit

327 1652 377 1689 <le
415 1652 500 1689 suis
539 1665 662 1701 quem
703 1651 960 1690 Brittannias
998 1651 1346 1700 archiepiscopum
1386 1651 1580 1698 mitteret,

328 1717 587 1755 Theodorum
618 1717 810 1755 uidelicet
843 1717 1039 1755 saeculari
1073 1716 1198 1754 simul
1229 1719 1268 1754 et
1296 1716 1585 1755 aecclesiastica

328 1783 589 1832 philosophia
607 1783 838 1832 praeditum
859 1782 1007 1830 uirum,
1025 1784 1064 1820 et
1080 1783 1156 1820 hoc
1176 1782 1220 1820 in
1241 1785 1412 1832 utraque
1431 1782 1581 1832 lingua,

329 1849 458 1886 Greca
479 1848 632 1886 scilicet
653 1850 693 1886 et
713 1848 868 1895 Latina,
893 1849 988 1886 dato
1018 1847 1055 1885 ei
1084 1848 1235 1897 collega
1263 1849 1304 1885 et
1331 1847 1586 1895 consiliatore

327 1913 416 1951 uiro
455 1927 581 1963 aeque
619 1913 904 1951 strenuissimo
952 1927 996 1951 ac
1042 1913 1363 1962 prudentissimo
1401 1913 1584 1951 Adriano

327 1979 481 2018 abbate.
543 1979 597 2017 Et
619 1979 713 2028 quia
739 1978 1016 2016 uenerabilem
1041 1978 1312 2016 Benedictum
1341 1979 1580 2028 sapientem,

328 2044 589 2091 industrium,
603 2044 838 2093 religiosum
851 2057 896 2081 ac
910 2043 1091 2081 nobilem
1106 2043 1242 2081 uirum
1258 2044 1342 2081 fore
1359 2044 1579 2093 conspexit,

329 2110 423 2147 huic
453 2110 686 2147 ordinatum
716 2123 810 2147 cum
840 2109 925 2147 suis
955 2108 1149 2147 omnibus
1178 2110 1483 2147 commendauit
1506 2110 1585 2158 epi-

329 2188 509 2223 scopum,
528 2175 787 2224 precepitque
807 2176 863 2223 ut,
881 2174 1021 2213 relicta
1035 2174 1358 2224 peregrinatione
1374 2188 1497 2224 quam
1514 2188 1585 2224 pro

329 2240 490 2278 Christo
523 2241 763 2289 susceperat,
798 2240 1005 2278 commodi
1036 2239 1191 2277 altioris
1224 2239 1376 2277 intuitu
1410 2240 1585 2288 patriam

329 2318 527 2351 reuersus,
553 2306 759 2343 doctorem
786 2305 823 2342 ei
852 2305 1034 2343 ueritatis
1054 2317 1176 2354 quem
1198 2305 1363 2342 sedula⁶
1384 2305 1586 2354 quesierat

328 2371 554 2419 adduceret,
591 2371 654 2409 cui
694 2371 760 2408 uel
799 2371 872 2408 illo
910 2370 1094 2420 pergenti
1127 2370 1194 2408 uel
1225 2370 1378 2408 ibidem
1408 2371 1580 2419 docenti,

369 2480 379 2497 ¹
403 2491 482 2522 -neo
499 2484 536 2510 Δ.
670 2478 681 2496 ²
704 2489 834 2510 nauem
852 2480 911 2519 HI.
1033 2481 1044 2498 ³
1066 2480 1149 2519 wig·
1168 2480 1208 2510 D.
1227 2480 1287 2520 H2.
1306 2480 1340 2510 P.
1361 2480 1397 2511 C.
1416 2480 1466 2518 133
1492 2490 1585 2519 wyg-

326 2532 374 2570 F;
398 2533 459 2562 wi·
473 2536 512 2563 Δ.
617 2531 627 2548 ⁴
650 2542 741 2572 greg.
757 2542 867 2572 papae
884 2533 924 2563 D.
940 2532 976 2564 O.
994 2532 1030 2564 P.
1049 2532 1088 2562 B.
1107 2532 1144 2563 F.
1252 2531 1263 2549 ⁵
1285 2532 1468 2562 wihardus
1485 2535 1522 2562 Δ.
1541 2532 1582 2562 D.

326 2585 385 2623 H2.
404 2584 455 2622 133
479 2584 563 2623 wig·
581 2584 608 2614 P
624 2594 631 2622 3
656 2585 735 2614 wic·
753 2584 788 2615 F.
878 2583 890 2600 ⁶
914 2584 962 2614 -lo
981 2587 1020 2615 Δ.

1609 1334 1708 1362 f.8b.
