1803 2887
28 548 133 576 Death
149 547 185 575 of

28 587 184 622 Eadhald,

27 627 93 654 and
109 634 232 654 succes-

27 666 98 693 sion
111 666 146 692 of
156 667 233 693 Ear-

27 706 172 739 conbert,

29 754 56 772 Α.
68 754 95 772 1».
113 748 176 778 640.

30 1395 167 1430 English

29 1435 210 1469 princesses

30 1475 63 1501 in
72 1473 234 1502 Frankish

29 1522 156 1541 monas-

29 1554 89 1581 teri
94 1563 134 1581 es.

257 141 337 180 142
610 139 821 182 Historia
851 139 1158 182 Ecclesiastico,
1347 148 1431 190 [Lm.
1451 151 1511 181 111.

753 288 873 327 CAP.
898 288 1020 326 VIII.

260 400 297 428 Ut
319 408 370 427 rex
391 400 630 428 Cantuarz'orum
652 396 868 428 Earconberct¹
886 400 966 427 idola
989 400 1106 428 destrui
1118 400 1303 434 praeceperit
1314 410 1325 435 ;
1349 401 1375 428 ct
1395 401 1430 429 (Ie
1443 400 1514 434 filia

299 453 366 480 eius
381 452 548 487 Erconzqota
561 449 571 465 ²
586 453 611 480 et
621 452 797 486 propinqua
814 452 1010 487 Aetlilberycze
1022 449 1042 488 ³⁵,
1062 453 1191 480 sacratis
1206 452 1264 480 Deo
1280 453 1470 487 inminibus,

309 536 431 574 ANNo
462 536 690 574 dominicae
719 535 1012 573 incarnationis
1042 535 1201 584 DCXL,
1230 536 1414 573 Eadbald
1444 549 1514 574 rex

257 602 570 640 Cantuariorum
589 602 793 640 transiens
809 615 858 638 ex
878 601 951 638 hac
974 601 1066 648 uita,
1086 601 1382 639 Earconbercto
1397 601 1409 620 4
1428 601 1514 638 filio

256 668 372 716 regni
392 667 666 716 gubernacula
687 667 853 716 reliquit
872 681 880 714 3
909 680 1011 715 quae
1034 666 1105 704 ille
1125 668 1311 715 suscepta
1332 666 1513 704 XXIIII

256 732 376 769 annis
415 734 454 769 et
491 732 647 781 aliquot
686 732 898 770 mensibus
932 731 1191 769 nobilissime
1223 731 1370 769 tenuit.
1432 731 1514 769 Hic

256 798 417 847 primus
446 812 589 847 regum
613 798 847 847 Anglorum
876 797 921 834 in
951 799 1037 834 toto
1068 809 1194 846 regno
1220 810 1294 834 suo
1323 797 1432 835 idola
1459 810 1515 834 re-

256 863 388 912 linqui
409 877 452 901 ac
473 864 638 911 destrui,
664 863 789 901 simul
815 865 853 900 et
878 862 1079 900 ieiunium
1101 862 1176 899 XL
1198 861 1359 900 dierum
1386 862 1516 900 obser-

256 931 344 967 uari
377 930 591 979 principali
621 929 862 967 auctoritate
896 928 1110 977 praecepit.
1174 928 1286 975 Quae
1318 941 1369 965 ne
1400 928 1516 965 facile

256 1009 279 1033 a
308 995 500 1045 quopiam
529 997 667 1044 posset
696 994 916 1041 contemni,
950 993 993 1030 in
1024 996 1341 1042 transgressores
1373 993 1517 1043 dignas

258 1063 298 1099 et
326 1062 589 1109 conpetentes
618 1059 853 1109 punitiones
882 1059 1103 1108 proposuit.
1166 1059 1290 1097 Cuius
1319 1059 1404 1096 filia
1424 1059 1518 1096 Ear-

258 1126 475 1175 congotae⁵7
500 1128 546 1163 ut
568 1125 771 1174 condigna
791 1125 951 1173 parenti
974 1125 1147 1173 suboles,
1173 1138 1419 1173 magnarum
1437 1124 1518 1161 fuit

258 1192 372 1241 uirgo
398 1191 615 1238 uirtutum,
640 1189 824 1228 seruiens
846 1189 1025 1227 Domino
1051 1189 1095 1227 in
1121 1190 1382 1236 monasterio,
1409 1189 1516 1238 quod

258 1257 302 1294 in
337 1257 500 1306 regione
534 1256 785 1293 Francorum
820 1257 1100 1292 constructum
1135 1257 1197 1292 est
1229 1255 1279 1292 ab
1315 1255 1518 1293 abbatissa

259 1322 513 1360 nobilissima
533 1321 732 1359 uocabulo
747 1321 859 1367 Fara,
880 1320 924 1357 in
944 1320 1041 1367 loco⁷
1063 1320 1133 1369 qui
1150 1320 1298 1358 dicitur
1317 1320 1361 1358 in
1378 1320 1511 1370 Brige.

261 1388 367 1425 Nam
389 1401 434 1425 eo
454 1389 638 1435 tempore
664 1386 841 1423 necdum
866 1385 1010 1422 multis
1034 1385 1077 1422 in
1099 1385 1263 1434 regione
1283 1386 1516 1434 Anglorum

261 1452 521 1491 monasteriis
537 1451 792 1498 constructis,
810 1450 935 1489 multi
951 1451 999 1488 de
1016 1450 1220 1487 Brittania
1234 1450 1496 1488 monachicae
1508 1452 1520 1469 ⁶

260 1518 582 1556 conuersationis
603 1517 730 1566 gratia
751 1518 1001 1555 Francorum
1022 1517 1089 1554 uel
1111 1516 1339 1554 Galliarum
1363 1529 1520 1554 monas-

258 1585 361 1623 teria
391 1585 503 1622 adire
533 1583 746 1630 solebant3
777 1583 847 1620 sed
877 1584 917 1619 et
947 1582 1054 1620 filias
1083 1595 1176 1620 suas
1206 1582 1360 1620 eisdem
1391 1581 1520 1619 erudi-

259 1651 395 1693 endas
407 1663 451 1687 ac
468 1662 618 1698 sponso
635 1648 796 1686 caelesti
812 1648 1060 1697 copulandas
1075 1648 1318 1695 mittebant3
1340 1647 1520 1685 maxime

260 1716 303 1754 in
321 1715 452 1764 Brige,
471 1716 510 1752 et
530 1714 573 1751 in
590 1713 695 1761 Cale,
713 1714 754 1750 et
774 1713 816 1750 in
834 1713 1088 1762 Andilegum
1109 1712 1356 1750 monasterio
1373 1726 1382 1760 ;
1411 1712 1521 1750 inter

261 1794 360 1831 quas
387 1781 471 1818 erat
496 1780 697 1828 Saethryd
711 1779 733 1827 ⁷,
760 1778 843 1816 filia
872 1777 1012 1816 uxoris
1035 1779 1183 1815 Annae
1212 1778 1318 1827 regis
1339 1777 1521 1816 Orienta—

260 1847 365 1884 lium
404 1845 650 1894 Anglorum‚
694 1843 810 1881 cuius
853 1856 976 1893 supra
1022 1843 1304 1889 meminimus,
1347 1845 1387 1880 et
1435 1842 1520 1880 filia

261 1911 462 1949 naturalis
481 1910 664 1948 eiusdem
684 1909 790 1958 regis
806 1909 1028 1958 Aedilberg
1042 1909 1053 1927 ὅ
1071 1923 1079 1955 ;
1110 1921 1212 1957 quae
1232 1910 1404 1957 utraque
1425 1921 1520 1945 cum

261 1978 367 2015 esset
393 1975 616 2025 peregrina,
642 1988 737 2024 prae
766 1974 913 2012 merito
934 1974 1138 2011 uirtutum
1160 1973 1342 2010 eiusdem
1362 1986 1520 2010 monas-

261 2042 355 2080 terii
385 2040 595 2090 Brigensis
627 2042 687 2077 est
720 2039 923 2077 abbatissa
956 2038 1189 2076 constituta.
1251 2038 1378 2076 Cuius
1412 2037 1520 2087 regis

261 2107 346 2145 filia
375 2107 504 2144 maior
531 2106 727 2154 Sexburg‚
753 2118 856 2142 uxor
878 2103 1192 2142 Earconbercti9
1212 2103 1318 2153 regis
1346 2104 1517 2141 Cantua-

260 2173 426 2219 riorum,
457 2171 601 2209 habuit
633 2170 763 2208 filiam
796 2167 1149 2219 Earcongotamm,
1181 2169 1230 2206 de
1261 2181 1342 2217 qua
1375 2181 1520 2206 sumus

263 2238 424 2276 dicturi.

305 2366 313 2383 ¹
338 2366 549 2397 erconberht
568 2365 603 2396 C.
692 2363 704 2381 ²
727 2365 912 2403 ercongota
930 2363 976 2397 B;
1000 2365 1185 2402 ercongata
1197 2362 1237 2392 N.
1329 2361 1340 2378 ³
1365 2362 1468 2392 aebil-
1482 2362 1519 2393 C.

262 2419 271 2436 ⁴
297 2419 436 2449 -berhto
454 2418 499 2455 C3
524 2418 656 2447 -brecto
673 2417 714 2447 N.
867 2415 878 2432 ⁵
903 2417 973 2445 -tae
991 2415 1019 2445 B
1035 2425 1042 2453 ;
1067 2417 1116 2445 -te
1133 2415 1163 2444 N
1182 2425 1188 2452 ;
1213 2415 1440 2452 eorcongotae
1459 2413 1496 2444 0¹
1512 2424 1519 2450 ;

261 2473 312 2501 -ta
329 2470 377 2501 ΟΞ.
467 2471 478 2488 ⁴³
502 2469 718 2499 monasticae
735 2467 785 2499 Cl.
875 2466 886 2483 ⁷
909 2467 1072 2506 saebryth
1092 2467 1139 2504 C;
1163 2466 1312 2505 saedryd
1331 2467 1379 2503 B;
1403 2465 1519 2496 saeth-

262 2524 335 2553 rith
354 2523 393 2553 N.
484 2520 494 2537 ⁸
519 2520 741 2560 aebilbergC'
757 2531 764 2557 ;
788 2520 892 2559 -burg
904 2518 962 2557 C·';
987 2519 1139 2549 edilberc
1152 2519 1193 2549 N.
1298 2518 1309 2535 ⁹
1332 2528 1450 2548 ercon-
1468 2518 1518 2555 B;

262 2574 505 2606 eorconberhti
523 2573 559 2604 C.
649 2572 672 2589 ¹0
696 2574 913 2611 earcogotam
932 2571 971 2601 Βι
990 2581 997 2609 ;
1021 2580 1161 2601 eorcon-
1178 2570 1214 2601 C.
