1803 2887
117 355 185 391 f.73
201 354 229 382 b.

257 179 334 210 CAP.
352 178 427 219 HL]
653 172 805 214 Gentis
836 172 1107 227 Anylorum.
1430 174 1514 214 209

256 289 306 334 et,
332 285 429 335 quid
449 285 547 324 haec
567 287 712 334 essent,
738 286 879 324 solerti
899 286 1037 323 animo
1067 287 1329 333 scrutaretur,
1354 286 1513 334 aperuit

255 351 467 400 episcopus
493 349 496 402 Ι
522 351 744 389 fenestram
758 351 930 398 oratorii,
948 353 988 388 et
1003 350 1188 388 sonitum
1204 364 1330 388 manu
1346 350 1508 397 faciens,

255 418 302 454 ut
322 416 483 466 saepius
503 418 778 464 consueuerat,
804 416 911 466 siqui
939 416 1038 453 foris
1064 418 1180 463 esset,
1211 416 1261 453 ad
1290 429 1332 453 se
1362 415 1512 453 intrare

255 481 467 530 praecepit.
528 481 726 519 Introiuit
758 481 829 519 ille
862 482 1055 528 concitus,
1087 481 1153 519 cui
1179 481 1283 518 dixit
1313 480 1511 518 antistes:

261 548 269 565 ‘
286 546 401 585 Uade
421 547 500 584 cito
520 547 570 584 ad
591 546 813 595 ecclesiam,
840 549 879 584 et
899 547 973 584 hos
992 547 1080 584 VII
1100 546 1245 584 fratres
1272 546 1351 583 huc
1371 547 1513 583 uenire

256 611 404 659 facito;
433 613 479 649 tu
500 625 662 661 quoque
682 612 807 650 simul
832 612 1000 650 adesto.’
1057 612 1135 659 Qui
1163 625 1257 649 cum
1284 611 1509 657 uenissent,

256 677 390 726 primo
421 677 635 715 admonuit
667 691 745 725 eos,
774 679 821 715 ut
851 678 1049 715 uirtutem
1075 676 1307 715 dilectionis
1335 679 1375 714 et
1404 676 1515 725 pacis

257 742 308 780 ad
337 743 515 780 inuicem
550 745 589 780 et
622 743 672 781 ad
707 756 850 781 omnes
878 743 1020 780 fideles
1054 745 1294 789 seruarent3
1324 742 1516 780 instituta

258 821 421 857 quoque
454 808 694 857 disciplinae
732 808 941 857 regularis,
978 822 1079 857 quae
1112 808 1178 845 uel
1210 808 1260 845 ab
1294 808 1382 857 ipso
1417 807 1516 845 didi-

258 873 417 921 cissent,
443 875 483 911 et
503 873 547 910 in
567 872 680 922 ipso¹
704 874 916 922 uidissent,
941 874 1007 911 uel
1036 874 1079 910 in
1100 876 1263 922 patrum
1280 873 1517 922 praeceden-

257 939 365 976 tium
393 939 512 977 factis
540 940 627 976 siue
656 939 777 977 dictis
800 939 1068 986 inuenissent,
1094 939 1297 977 indefessa
1318 938 1516 975 instantia,

258 1007 535 1054 sequerentur.
596 1005 755 1042 Deinde
788 1004 1000 1043 subiunxit
1034 1005 1143 1042 diem
1173 1004 1237 1042 sui
1266 1004 1402 1042 obitus
1430 1003 1513 1041 iam

258 1071 444 1119 proxime
490 1070 657 1108 instare.
740 1071 948 1119 ‘Namque
995 1070 1170 1119 hospes,’
1219 1070 1365 1119 inquit,
1423 1069 1513 1107 ‘ille

258 1135 458 1183 amabilis,
494 1136 565 1185 qui
596 1136 740 1174 fratres
774 1138 935 1174 nostros
968 1136 1135 1173 uisitare
1168 1135 1335 1182 solebat,
1369 1135 1419 1172 ad
1449 1148 1516 1172 me

259 1215 422 1250 quoque
452 1201 573 1239 hodie
604 1202 754 1250 uenire,
788 1215 936 1251 meque
967 1203 1017 1240 de
1047 1201 1206 1239 saeculo
1240 1214 1407 1239 euocare
1437 1201 1518 1250 dig-

260 1269 382 1305 natus
420 1268 491 1305 est.
570 1267 743 1316 Propter
781 1268 889 1316 quod
927 1269 1182 1305 reuertentes
1220 1267 1269 1304 ad
1309 1266 1518 1304 ecclesiam

261 1332 382 1370 dicite
402 1332 607 1381 fratribus,
631 1334 677 1370 ut
707 1335 747 1370 et
775 1346 915 1371 meum
942 1334 1098 1371 exitum
1126 1332 1305 1370 Domino
1331 1331 1520 1381 precibus

261 1398 563 1445 commendent,
605 1400 646 1435 et
684 1412 806 1436 suum
846 1412 1007 1448 quoque
1047 1399 1216 1446 exitum,
1264 1398 1380 1435 cuius
1418 1397 1520 1435 hora

261 1463 416 1501 incerta
443 1466 514 1511 est,
548 1464 713 1513 uigiliis,
748 1464 1011 1507 orat-ionibus,
1044 1464 1165 1502 bonis
1195 1464 1383 1513 operibus
1412 1476 1520 1512 prae-

262 1529 403 1566 uenire
449 1529 745 1567 meminerint.'
816 1530 1002 1579 Cumque
1048 1530 1147 1567 haec
1194 1532 1234 1567 et
1282 1528 1520 1567 huiusmodi

262 1594 381 1644 plura
400 1594 646 1643 loqueretur,
671 1596 792 1643 atque
819 1595 879 1632 illi
908 1597 1096 1644 percepta
1123 1595 1210 1633 eius
1234 1594 1520 1633 benedictione

263 1660 345 1697 iam
379 1660 560 1698 multum
598 1659 737 1698 tristes
769 1661 958 1708 exissent,
1002 1661 1124 1699 rediit
1163 1661 1250 1710 ipse
1284 1660 1405 1708 solus,
1450 1659 1521 1709 qui

264 1739 428 1764 carmen
450 1726 621 1763 caeleste
641 1726 832 1773 audierat,
858 1728 897 1763 et
917 1729 1180 1775 prosternens
1203 1740 1245 1764 se
1275 1727 1318 1764 in
1339 1728 1492 1763 terra-m
1511 1740 1519 1763 :

269 1792 494 1839 ‘Obsecro,’
520 1791 667 1840 inquit,
700 1791 864 1840 ‘pater3
903 1791 998 1829 licet
1027 1792 1182 1841 aliquid
1212 1791 1522 1841 inte1·rogare?’

265 1858 530 1906 ‘Interroga'
559 1857 704 1906 inquit,
749 1857 880 1906 ‘quod
914 1857 1004 1895 uis.’
1061 1859 1120 1895 At
1152 1858 1249 1895 ille:
1296 1857 1522 1904 ‘Obsecro’

263 1924 410 1974 inquit,
440 1924 532 1961 ‘ut2
548 1922 666 1969 dicas,
689 1923 795 1972 quod
816 1925 900 1960 erat
920 1923 1126 1961 canticum
1146 1923 1248 1960 illud
1263 1922 1518 1969 laetantium,

266 1991 374 2040 quod
408 1988 559 2035 audiui,
598 1988 857 2026 uenientium
891 1989 941 2026 de
980 1988 1100 2026 caelis
1141 2001 1262 2037 super
1301 1988 1523 2025 oratorium

265 2057 352 2103 hoc,
370 2057 410 2093 et
426 2056 518 2104 post
531 2056 696 2103 tempus
708 2054 968 2091 redeuntium
982 2054 1031 2091 ad
1046 2054 1177 2091 caelos
1190 2056 1209 2092 ⁵?
1225 2054 1233 2068 ’
1291 2054 1526 2102 Respondet

266 2121 365 2159 ille:
404 2121 469 2158 ‘Si
502 2133 647 2158 uocem
678 2120 872 2157 carminis
903 2120 1063 2165 audisti⁷
1098 2122 1139 2157 et
1170 2119 1362 2157 caelestes
1391 2132 1523 2168 super-

268 2187 407 2225 uenire
447 2188 585 2223 coetus
623 2185 862 2234 cognouisti,
905 2185 1107 2234 praecipio
1154 2185 1231 2222 tibi
1273 2184 1317 2222 in
1356 2184 1526 2222 nomine

270 2251 450 2297 Domini,
485 2264 538 2288 ne
571 2250 647 2288 hoc
678 2250 870 2299 cuiquam
903 2252 998 2288 ante
1035 2264 1177 2288 meum
1211 2250 1370 2288 obitum
1402 2250 1521 2288 dicas.

271 2317 330 2355 Re
358 2330 455 2354 uera
485 2318 621 2354 autem
656 2316 896 2366 angelorum
927 2316 1041 2353 fuere
1071 2316 1251 2365 spiritus,
1282 2315 1353 2364 qui
1381 2329 1447 2353 nie
1476 2316 1526 2353 ad

273 2382 468 2430 caelestia,
494 2396 596 2431 quae
620 2395 781 2430 semper
807 2381 1005 2428 amabam,
1030 2394 1074 2418 ac
1101 2380 1393 2427 desiderabam,
1418 2394 1528 2429 prae-

272 2448 354 2485 mia
384 2461 525 2485 uocare
555 2449 771 2495 uenerunt,
803 2449 843 2484 et
873 2448 966 2497 post
1000 2447 1087 2485 dies
1116 2446 1202 2484 VH
1237 2459 1280 2483 se
1311 2446 1523 2493 redituros,

273 2526 318 2551 ac
351 2526 417 2551 me
455 2526 594 2550 secum
627 2513 875 2550 adducturos
909 2525 997 2550 esse
1034 2511 1341 2562 promiserunt.'
1410 2511 1526 2560 Quod

446 2598 457 2618 ¹
482 2599 692 2630 didicissent
710 2624 717 2631 .
737 2623 744 2631 .
762 2624 770 2631 ,
786 2600 861 2639 ipso
876 2609 936 2629 om.
953 2597 1006 2630 13¹.
1131 2598 1142 2616 ²
1163 2599 1204 2629 ut
1220 2608 1279 2629 om.
1297 2597 1357 2629 M1.

897 2664 922 2689 P
