1803 2887
32 749 98 775 and
112 747 235 776 British

33 788 155 821 Clergy.

33 1074 178 1102 Meuitus

32 1122 105 1148 goes
117 1115 152 1141 to

33 1154 140 1181 Rome.

262 160 316 200 88
621 158 671 199 H
671 157 827 200 istoria
857 156 1162 198 Ecclesiastica
1365 163 1512 204 [L113.11.

258 278 464 324 Brcttones,
497 276 640 315 Scottos
667 277 837 313 meliores
860 276 1103 323 putcmz'nms.
1161 274 1305 312 Scottos
1332 285 1422 311 uero
1442 284 1517 320 per

258 344 471 391 Dayanum
485 344 696 390 episcopam
710 343 752 379 in
766 342 875 388 hanc,
889 353 1004 388 quam
1019 340 1192 387 superius
1206 340 1510 385 memorauimas,

258 409 438 455 insulam,
473 411 507 445 et
538 407 817 446 Columbamcm
847 407 1018 444 abbatem
1048 407 1090 442 in
1127 404 1273 444 Gallis¹
1302 405 1517 442 uenientem

259 475 359 511 nihil
395 474 603 521 discrepare
641 485 665 510 a
700 473 946 510 Brettonibas
982 472 1024 508 in
1062 482 1190 508 eoram
1236 470 1516 508 conuersatione
1552 468 1558 474 “

260 539 472 577 ᾱὶᾱῖσῖυηιε.
532 539 639 576 Nam
657 539 850 586 Dassanzcs
875 538 1066 585 episcopus
1085 537 1135 573 acl
1159 548 1229 573 nos
1247 536 1414 582 ueniens,
1438 546 1518 572 non

259 605 381 641 solnm
414 605 538 641 cibum
570 604 776 643 nobiscum.
810 603 875 640 scd
910 614 977 639 ozee
1013 603 1055 639 in
1087 601 1211 639 eodem
1243 601 1413 648 hospitio,
1444 612 1517 648 quo

258 670 510 717 vescebamur,
531 680 675 706 smnere
695 669 826 705 uoluit.

314 734 428 772 Misit
456 734 567 771 idem
591 733 838 771 Laurentius
868 745 962 769 cum
989 729 1260 781 coepiscopis2
1283 730 1368 768 suis
1391 730 1516 768 etiam

261 800 510 837 Brettonum
531 799 806 836 sacerdotibus
825 798 984 835 litteras
1005 810 1077 834 suo
1091 797 1103 816 3
1118 796 1261 846 gradui
1276 796 1511 845 condignas,

261 865 410 913 quibus
430 877 499 902 eos
517 864 562 902 in
582 864 738 902 unitate
758 863 954 901 catholica
974 862 1214 900 confirmare
1234 861 1390 910 satagit.
1437 860 1516 899 Sed

262 932 464 979 quantum
485 930 583 967 haec
603 929 759 979 agendo
779 928 1006 978 profecerit,
1025 928 1157 966 adhuc
1176 927 1404 976 praesentia
1418 928 1519 964 tem-

260 1009 358 1045 pora
379 995 596 1033 declarant.

317 1061 397 1098 His
415 1060 673 1109 temporibus
699 1059 815 1097 uenit
836 1059 1019 1097 Mellitus
1040 1058 1280 1096 Lundoniae
1307 1057 1519 1107 episcopus

262 1126 447 1173 Romam,
479 1126 528 1163 de
557 1125 795 1162 necessariis
825 1124 1015 1162 ecclesiae
1045 1124 1278 1173 Anglorum
1308 1136 1403 1160 cum
1431 1135 1518 1171 apo·

262 1191 406 1229 stolico
426 1204 529 1239 papa
550 1190 759 1228 Bonifatio
779 1191 1035 1227 tractaturus.
1097 1190 1151 1227 Et
1172 1202 1266 1226 cum
1285 1188 1394 1226 idem
1414 1200 1519 1237 papa

261 1255 620 1294 reuerentissimus
641 1257 801 1304 cogeret
828 1255 1032 1304 synodum
1054 1254 1336 1303 episcoporum
1356 1253 1515 1301 Italiae,

261 1323 311 1360 de
349 1322 433 1359 uita
472 1321 770 1358 monachorum
805 1322 845 1357 et
885 1320 1020 1369 quiete
1054 1320 1325 1366 ordinaturus,
1361 1321 1401 1356 et
1433 1318 1521 1368 ipse

262 1387 447 1425 Mellitus
476 1387 584 1424 inter
613 1399 680 1424 eos
709 1386 865 1424 adsedit
896 1399 1003 1423 anno
1026 1386 1139 1423 VIII
1167 1385 1331 1434 imperii
1360 1384 1521 1422 Focatis

261 1452 467 1502 principis,
519 1452 743 1489 indictione
780 1451 924 1498 XIII²¹,
968 1451 1089 1488 tertio
1136 1451 1201 1488 die
1238 1450 1520 1488 Kalendarum

262 1519 529 1565 Mai·tiarun1;
559 1519 606 1555 ut
636 1530 818 1566 quaeque
847 1519 962 1555 erant
991 1516 1230 1566 regulariter
1253 1516 1420 1563 decreta,
1445 1528 1520 1553 sua

262 1597 422 1633 quoque
449 1583 689 1622 auctoritate
719 1582 980 1620 subscribens
1010 1582 1279 1628 confirmaret,
1303 1594 1348 1619 ac
1372 1580 1520 1619 Britta—

262 1649 377 1687 niam
403 1647 408 1700 }
433 1649 596 1686 rediens
625 1649 788 1686 secum‘1
814 1648 1049 1696 Anglorum
1079 1646 1258 1684 ecclesiis
1286 1647 1520 1684 mandanda

262 1717 384 1764 atque
413 1713 693 1752 obseruanda5
721 1713 905 1761 deferret,
933 1726 1017 1750 una
1046 1725 1140 1750 cum
1180 1708 1397 1761 epistulis*
1421 1725 1521 1761 quas

262 1780 373 1817 idem
401 1780 587 1829 pontifex
614 1780 700 1817 Deo
730 1779 878 1817 dilecto
909 1778 1210 1826 archiepiscopo
1230 1777 1453 1815 Laurentio
1480 1779 1521 1815 et

263 1846 369 1883 clero
407 1846 612 1893 uniuerso,
651 1844 844 1882 similiter
882 1845 921 1881 et
958 1843 1245 1881 Aedilbercto6
1279 1843 1364 1892 regi
1401 1844 1522 1891 atque

262 1911 377 1961 genti
402 1911 635 1960 Anglorum
666 1909 825 1948 direxit.
885 1909 965 1946 Hic
996 1911 1057 1946 est
1081 1908 1324 1956 Bonifatius,
1350 1910 1522 1957 quartus

262 1991 285 2015 a
318 1978 436 2014 beato
468 1976 664 2026 Gregorio
696 1976 904 2013 Romanae
935 1974 1046 2012 urbis
1075 1974 1271 2023 episcopo,
1307 1974 1379 2023 qui
1411 1974 1522 2023 inpe-

263 2043 388 2080 trauit
402 2055 424 2080 a
436 2042 582 2079 Focate
597 2041 779 2091 principe
793 2040 934 2079 donari
949 2040 1135 2077 ecclesiae
1152 2039 1307 2078 Christi
1318 2040 1522 2088 templum

265 2108 428 2155 Romae,
463 2108 570 2157 quod
605 2107 823 2145 Pantheon
852 2106 1071 2143 uocabatur
1100 2105 1150 2142 ab
1180 2104 1372 2154 antiquis,
1407 2104 1523 2154 quasi

264 2173 530 2211 simulacrum
551 2175 656 2211 esset
676 2173 865 2211 omnium
886 2173 1055 2210 deorum
1073 2186 1081 2219 ;
1110 2171 1155 2208 in
1176 2185 1256 2220 quo
1272 2171 1369 2220 ipse,
1394 2170 1523 2208 elimi-

263 2241 359 2277 nata
388 2239 502 2276 omni
532 2239 735 2288 spurcitia,
759 2238 854 2276 fecit
881 2237 1093 2275 ecclesiam
1114 2239 1275 2274 sanctae
1299 2236 1376 2274 Dei
1403 2249 1521 2285 gene·

263 2304 376 2342 tricis
408 2307 530 2354 atque
559 2304 746 2342 omnium
782 2305 1014 2353 martyrum
1048 2302 1227 2349 Christi;
1272 2304 1327 2349 ut,
1361 2301 1523 2340 exclusa

264 2369 534 2407 multitudine
562 2371 821 2417 daemonum,
845 2367 1071 2406 multitudo
1097 2367 1156 2404 ibi
1180 2369 1414 2405 sanctorum
1440 2380 1523 2405 me-

265 2435 439 2473 moriam
458 2435 636 2474 haberet.

308 2532 318 2549 ¹
343 2533 460 2572 galliis
477 2533 512 2564 C.
530 2532 587 2564 ΜΖ.
721 2531 732 2550 ²
755 2542 808 2563 co·
824 2534 953 2562 inserted
968 2534 1055 2561 abore
1072 2534 1116 2562 the
1132 2533 1190 2561 line
1207 2531 1251 2562 M.
1369 2530 1381 2548 ³
1405 2531 1459 2562 sui
1476 2530 1522 2562 M.

265 2583 276 2601 ⁴
300 2584 495 2615 secundum
514 2584 586 2623 H11.
697 2584 708 2602 ⁵
732 2584 907 2615 seruanda
924 2583 969 2614 M.
987 2583 1046 2622 Hl.
1160 2584 1171 2602 ⁶
1194 2582 1412 2613 aebilberhto
1429 2582 1466 2614 C.

1544 1649 1564 1677 f.
1581 1659 1616 1686 30
1630 1650 1659 1678 b.
