1803 2887
79 1737 229 1764 Election
245 1736 281 1764 of

80 1777 265 1810 Hwaetbert,

79 1817 167 1843 June
184 1826 206 1852 7,
224 1818 279 1851 716.

320 173 404 213 382
733 174 943 216 Historia
974 174 1200 218 Abbatum,

320 287 397 325 Dei
444 288 662 338 genetricis
709 302 951 340 semperque
999 291 1176 341 uirginis
1224 293 1394 339 BIariae,
1442 293 1482 329 et
1529 291 1574 328 in

318 353 510 392 aecclesia
547 355 720 403 apostoli
752 356 868 403 Petri,
901 356 1054 404 pridie¹
1091 370 1217 395 nouas
1253 358 1405 404 Iunias,
1439 357 1575 405 quinta

319 418 427 466 feria,
466 423 500 458 et
532 421 898 459 communicantibus
930 423 997 469 qui
1030 423 1200 470 aderaut,
1238 422 1434 460 continuo
1466 435 1576 471 prae-

309 488 478 531 paratur
505 485 555 522 ad
585 486 779 524 eundum.
841 488 1103 526 Conueniunt
1124 502 1269 527 omnes
1294 490 1337 527 iu
1357 490 1574 528 aecclesiam

318 550 415 587 beau
451 551 568 598 Petri,
605 551 702 600 ipse,
736 552 857 589 thure
894 553 1064 601 incenso,
1103 556 1144 591 et
1176 556 1279 592 aicta
1316 556 1485 592 oratioue
1522 554 1572 592 ad

315 614 451 662 altare,
486 629 627 664 pacem
659 617 728 655 dat
766 618 971 664 omnibus,
1005 621 1120 657 stans
1157 621 1201 657 iu
1235 620 1429 667 madibus,
1464 621 1576 658 turri-

317 681 450 718 bulum
487 683 631 720 habeus
667 684 709 720 in
744 695 874 722 mmm.
937 685 1049 722 Hinc
1086 684 1251 722 fletibus
1288 684 1574 723 uniuersorum

316 746 422 783 inter
459 747 652 785 laetanias
685 750 982 798 resonantibus,
1018 752 1194 798 exeunt;
1239 751 1338 788 beau
1367 751 1575 789 Laurentii

314 815 498 861 martyris
534 816 751 861 oratorium,
790 817 889 863 quod
925 819 968 854 ‘iu
1005 818 1227 854 dormitorio
1253 814 1257 865 ἱ
1275 817 1454 863 fratrum
1487 818 1573 854 erat

315 878 496 926 obuium,
539 878 723 927 intrant3
772 880 863 918 uale
902 881 1041 919 dicens
1078 881 1286 929 ultimum,
1330 882 1379 920 de
1424 894 1574 920 conser-

314 944 448 981 uanda
494 944 673 982 inuicem
720 946 949 994 dilectione,
996 949 1037 984 et
1080 947 1417 997 delinquentibus
1464 949 1573 986 iuxta

314 1008 528 1057 euauyelii²
562 1010 745 1059 regulam
776 1012 1051 1061 corripiendis,
1085 1015 1298 1051 ammonet
1315 1028 1324 1061 ;
1362 1013 1568 1061 omnibus,

314 1074 447 1123 siquid
486 1075 591 1113 forte
630 1077 900 1126 deliquissent
913 1079 935 1125 ³,
974 1079 1147 1127 gratiam
1185 1092 1281 1116 suae
1318 1078 1572 1116 remissionis

313 1142 353 1177 et
373 1141 612 1189 placationis
632 1142 775 1190 offert;
806 1156 948 1181 omnes
973 1158 1045 1192 pro
1069 1157 1112 1181 se
1141 1158 1265 1191 orare,
1290 1144 1367 1182 sibi
1392 1144 1572 1192 placatos

313 1206 496 1253 existere,
535 1208 569 1245 si
611 1207 693 1245 sint
734 1222 835 1257 quos
870 1209 1013 1246 durius
1050 1211 1149 1247 iusto
1185 1209 1467 1258 redarguisset,
1504 1208 1568 1247 ob-

313 1274 452 1310 secrat.
524 1273 709 1311 Veniunt
737 1274 786 1311 ad
816 1274 944 1321 litus;
983 1287 1145 1313 rursum
1175 1276 1300 1313 osculo
1324 1277 1434 1323 pacis
1462 1274 1572 1312 inter

313 1338 492 1376 lacrimas
515 1339 727 1377 omnibus4
748 1341 848 1387 dato,
874 1353 1006 1389 genua
1025 1341 1197 1379 flectunt
1217 1355 1225 1387 3
1256 1341 1324 1379 dat
1344 1343 1566 1386 orate'ouem,

313 1405 484 1442 ascendit
503 1417 642 1443 nauem
663 1419 756 1443 cum
778 1406 1005 1444 comitibus.
1066 1406 1312 1444 Ascendunt
1333 1407 1372 1444 et
1392 1407 1570 1444 diacones

311 1469 524 1507 aecclesiae
558 1483 680 1509 cereas
712 1473 887 1511 ardeutcs
919 1474 959 1510 et
996 1485 1143 1511 crucem
1180 1473 1359 1510 ferentes
1397 1484 1562 1519 auream,

312 1535 470 1573 transiit
482 1537 656 1584 flumen,
682 1538 819 1576 adorat
839 1550 995 1585 crucem,
1019 1540 1187 1577 ascendit
1209 1550 1347 1586 equum
1359 1538 1382 1585 ⁵,
1407 1541 1442 1575 et
1460 1539 1564 1582 abiit,

311 1600 454 1638 relictis
493 1603 535 1638 iu
578 1605 820 1641 monasteriis
861 1603 946 1641 suis
985 1603 1180 1641 fratribus
1228 1615 1400 1641 numero
1439 1602 1569 1640 ferme

310 1670 570 1705 sexcentorum
585 1669 606 1705 ⁰.

371 1733 429 1769 18.
465 1732 545 1770 Illo
592 1735 730 1771 autem
778 1734 955 1772 abeunte
998 1748 1092 1772 cum
1135 1734 1265 1782 sociis,
1308 1735 1481 1772 redeunt
1518 1734 1569 1772 ad

309 1799 526 1836 aecclesiam
551 1799 710 1847 fratres,
735 1813 777 1837 se
800 1813 844 1837 ac
864 1813 936 1838 sua
956 1800 1134 1838 Domino
1154 1800 1320 1838 fletibus
1340 1801 1380 1837 et
1400 1801 1569 1838 oratioue

309 1865 625 1906 commendant;
674 1867 714 1902 et
743 1867 836 1914 post
864 1879 948 1903 non
981 1866 1134 1914 grande
1163 1865 1442 1912 interuallum,
1473 1877 1566 1902 com-

299 1930 403 1975 pleta
450 1929 572 1967 horae
621 1931 763 1968 tertiae
810 1931 1049 1980 psalmodia,
1101 1944 1264 1968 rursum
1311 1930 1565 1968 conueniunt

307 2006 479 2042 omnes;
520 1997 612 2043 quid
649 1997 854 2045 agendum
892 1997 944 2034 sit
982 1996 1231 2043 consulunt;
1270 1996 1432 2043 orando,
1464 1996 1567 2044 psal-

306 2059 439 2108 lendo,
475 2062 514 2098 et
544 2062 755 2099 ‘ieiunando
784 2064 942 2111 patrem
972 2062 1093 2099 citius
1123 2075 1146 2099 a
1176 2062 1261 2098 Deo
1292 2061 1565 2109 quaerendum

307 2126 558 2174 decernunm
602 2128 816 2165 monachis
849 2128 957 2166 beati
987 2127 1115 2175 Pauli,
1149 2126 1344 2165 fratribus
1373 2127 1565 2165 uidelicet

305 2191 400 2239 suis,
443 2205 516 2240 per
563 2206 704 2230 eorum
751 2194 950 2241 quosdam
988 2193 1059 2242 qui
1106 2193 1282 2240 aderant,
1326 2205 1487 2230 necnon
1525 2194 1566 2230 et

305 2269 475 2294 suorum
505 2257 671 2306 aliquos,
706 2259 827 2307 quid7
858 2258 1121 2304 decreuerint,
1152 2257 1350 2307 pandunt.
1409 2258 1564 2295 Adsen-

305 2322 418 2359 tiunt
460 2324 500 2360 et
538 2322 610 2370 illi,
644 2323 692 2360 fit
730 2325 997 2373 utrorumque
1028 2323 1192 2361 animus
1222 2336 1341 2371 unus,
1375 2321 1564 2360 omnium

349 2442 358 2459 ¹
381 2444 535 2474 secunda
553 2444 609 2474 die
626 2444 666 2475 B.
789 2443 801 2460 ²
824 2444 927 2474 -lium
946 2445 987 2475 D.
1006 2445 1041 2474 P.
1061 2445 1108 2481 Ἐς
1132 2454 1162 2475 so
1180 2443 1217 2475 G.
1234 2446 1374 2481 omittiuy
1390 2443 1560 2483 regulam.

304 2494 315 2511 ³
339 2495 600 2534 delinquissent
619 2496 656 2526 P.
740 2495 751 2512 4
775 2506 896 2526 omnes
914 2496 956 2526 D.
973 2496 1011 2527 P.
1030 2496 1064 2526 C.
1086 2496 1125 2527 B.
1143 2496 1191 2533 F3
1209 2499 1344 2533 perhaps
1359 2498 1436 2526 Bede
1452 2498 1558 2526 wrote:

303 2548 470 2577 omnibus
487 2548 578 2586 dato,
598 2557 731 2578 omnes,
828 2547 839 2564 ⁵
863 2557 1015 2587 aequum
1032 2548 1092 2589 HI.
1183 2546 1195 2564 ⁶
1217 2548 1279 2578 -tis
1296 2548 1333 2578 G.
1431 2546 1443 2564 ⁷
1465 2546 1559 2586 quod

304 2599 347 2630 D.
367 2599 402 2629 Ρ.
421 2599 458 2629 Β.
478 2599 513 2629 F.
533 2600 569 2638 δ;
592 2602 711 2630 obscure
727 2602 761 2629 ’ἰη
778 2599 814 2630 C.

1597 822 1618 850 f.
1638 824 1668 850 18
1684 823 1712 851 b.

1592 1738 1677 1767 Hist.
1770 1749 1776 1764 ι,

1590 1778 1697 1807 Anon.
1722 1779 1758 1815 ἕξ

1590 1819 1633 1853 28,
1656 1827 1697 1854 29.
1772 1831 1774 1839 ν
