1803 2887
579 689 786 737 LIBER
834 690 1179 750 QUARTUS.

773 850 894 889 OAP.
929 849 960 888 Ι.

251 963 287 991 Ut
309 963 446 998 defuncto
468 963 643 998 Deusdedit,
663 957 820 997 Uiqharcffi
833 962 874 990 acl
896 962 1126 996 suscipiendum
1150 962 1352 996 episcopatum
1371 963 1503 991 Romam

247 1015 287 1043 sit
303 1016 418 1043 missus
425 1025 438 1051 ;
453 1016 502 1043 sed
518 1015 566 1042 illo
583 1015 695 1042 'ibidem
711 1014 860 1049 defuneto,
875 1014 1042 1042 Theodorus
1057 1014 1298 1049 archiepiscopus
1310 1015 1472 1043 ordinatus
1483 1013 1504 1049 ²,

455 1068 481 1096 et
496 1076 566 1095 cum
582 1067 747 1095 Hadriano
759 1063 770 1080 ³
786 1067 891 1094 abbate
907 1066 947 1094 sit
962 1066 1154 1094 Brittaniam
1170 1067 1296 1094 missus.

301 1155 450 1192 ANNO4
488 1154 742 1192 memorato⁵
780 1152 983 1202 praefatae
1022 1153 1198 1202 eclypsis
1236 1155 1276 1192 et
1310 1167 1407 1191 mox
1445 1167 1505 1192 se·
1531 1165 1687 1209 Doathof

247 1220 440 1269 quentis⁶
473 1218 742 1268 pestilentiae,
785 1232 866 1267 quo
906 1220 947 1256 et
979 1218 1152 1256 Colman
1188 1218 1403 1268 episcopus
1436 1233 1507 1256 un·
1531 1205 1714 1271 ffiffffefiar'

247 1285 385 1323 anima
429 1284 724 1323 catholicorum
770 1284 1003 1321 intentione
1050 1286 1265 1332 superatus
1315 1285 1365 1322 ad
1413 1297 1507 1322 suos
1531 1283 1714 1356 ῗῇῗίὁξθῆ-

246 1363 436 1388 reuersus
465 1352 536 1398 est,
569 1349 795 1387 Deusdedit
823 1349 925 1387 VIus
959 1348 1148 1386 ecclesiae
1177 1349 1508 1388 Doruuernensis
1532 1361 1709 1389 Deusdedit

248 1415 460 1464 episcopus
507 1415 607 1453 obiit
653 1414 809 1464 pridie⁷
857 1415 1011 1452 Iduum
1060 1414 1290 1461 Iuliarum3
1347 1415 1416 1452 sed
1466 1417 1507 1453 et
1532 1402 1735 1475 333ss3¹3181²1¹13¹⁰

247 1481 521 1519 Erconberct8
550 1494 621 1518 rex
652 1480 994 1519 Cantuariorum⁹
1023 1480 1166 1518 eodem
1197 1493 1340 1518 mense
1369 1494 1413 1518 ac
1442 1481 1507 1519 die
1534 1489 1574 1515 14a
1591 1482 1654 1514 66⁴·
1682 1469 1685 1473 ²

248 1546 477 1594 defunctus,
502 1546 726 1595 Ecgbercto
750 1546 836 1584 filio
861 1546 1001 1583 sedem
1031 1545 1147 1594 regni
1171 1545 1351 1594 reliquit,
1381 1559 1506 1595 quam

248 1611 319 1649 ille
368 1613 599 1660 susceptam
647 1625 720 1660 per
765 1611 902 1649 VIIII
916 1609 943 1629 ¹⁰
984 1624 1115 1649 annos
1164 1611 1310 1650 tenuit.
1391 1612 1506 1650 Tunc

248 1680 432 1716 cessante
468 1691 552 1715 non
583 1691 710 1726 pauco
741 1679 928 1726 tempore
967 1677 1216 1726 episcopatu,
1254 1676 1406 1714 missus
1445 1679 1507 1715 est

248 1745 424 1782 Romam
452 1744 502 1782 ab
531 1744 620 1793 ipso
651 1743 778 1782 simul
812 1746 852 1781 et
882 1757 904 1781 a
933 1756 1026 1792 rege
1059 1743 1505 1792 Nordanhymbrorum

249 1809 423 1857 Osuio¹¹,
466 1813 513 1848 ut
551 1809 595 1847 in
611 1808 638 1828 ¹²
675 1810 943 1859 praecedente
981 1809 1087 1846 libro
1125 1809 1265 1857 paucis
1309 1808 1501 1856 diximus

248 1875 434 1925 Uighard
490 1875 714 1926 presbyter,
757 1875 823 1913 uir
860 1875 906 1912 in
952 1874 1238 1913 ecclesiasticis
1273 1874 1504 1923 disciplinis

246 1941 519 1989 doctissimus,
562 1941 612 1978 de
651 1954 797 1990 genere
835 1940 1080 1989 Anglorum,
1122 1939 1359 1989 petentibus
1396 1940 1506 1977 hunc

245 2006 435 2044 ecclesiae
467 2007 702 2056 Anglorum
732 2006 1084 2055 archiepiscopum
1115 2005 1324 2053 ordinari;
1368 2006 1506 2043 missis

244 2071 395 2121 pariter
441 2072 662 2121 apostolico
709 2085 836 2121 papae
883 2071 1071 2118 donariis,
1116 2073 1156 2108 et
1203 2071 1336 2108 aureis
1383 2073 1506 2120 atque

246 2138 449 2187 argenteis
469 2138 578 2176 uasis
599 2151 683 2175 non
703 2137 853 2186 paucis.
915 2136 995 2185 Qui
1015 2136 1086 2174 ubi
1107 2137 1282 2174 Romam
1302 2137 1501 2185 peruenit,
1531 2146 1638 2191 Death
1653 2148 1688 2173 Of

248 2204 363 2241 cuius
383 2204 470 2241 sedi
489 2203 733 2252 apostolicae
749 2204 936 2251 tempore
955 2202 1026 2239 illo
1047 2202 1288 2240 Uitalianus
1307 2205 1500 2251 praeerat,
1530 2186 1692 2253 3533?

247 2271 465 2318 postquam
495 2269 658 2307 itineris
691 2268 754 2306 sui
781 2266 784 2319 1
811 2281 975 2306 causam
1006 2267 1188 2317 praefato
1227 2280 1353 2316 papae
1393 2281 1506 2317 apos-

288 2395 298 2412 1
322 2396 519 2435 uuigheard
537 2396 574 2427 C.
627 2394 638 2411 ²
660 2397 734 2426 -tur
749 2395 797 2425 M.
854 2394 865 2411 ³
890 2394 1037 2424 adriano
1054 2394 1091 2425 C.
1109 2394 1149 2425 B.
1167 2394 1210 2426 N.
1266 2394 1277 2411 ‘¹
1301 2394 1338 2424 in
1355 2404 1451 2427 anno
1466 2395 1503 2426 C.

245 2448 256 2465 ⁵
280 2447 315 2478 M
331 2451 408 2479 adds
424 2459 461 2478 on
477 2451 601 2486 margin
617 2457 776 2478 Dcrmm.
857 2445 868 2463 ⁶
892 2446 1139 2485 subsequentis
1155 2446 1202 2477 M.
1219 2446 1278 2484 HI.
1375 2445 1387 2462 ⁷
1409 2456 1439 2477 11
1456 2448 1503 2479 M.

246 2500 258 2517 Β
279 2500 418 2531 -bercht
435 2501 472 2532 O.
643 2499 655 2517 ⁹
679 2500 736 2530 sed
758 2524 764 2530 .
784 2524 790 2530 .
810 2524 817 2530 .
835 2500 1101 2529 cantuariorum
1118 2509 1176 2529 om.
1195 2497 1236 2528 N¹
1256 2509 1263 2537 3
1287 2499 1428 2529 erobore
1444 2509 1504 2530 rex

245 2553 487 2583 conturiorum
504 2552 558 2583 ΝΞ.
648 2551 672 2568 ¹⁰
694 2562 728 2583 x.
742 2554 777 2582 et
794 2561 922 2582 nouem
941 2551 975 2590 C,
996 2553 1075 2582 x.et
1094 2553 1179 2588 beina
1194 2561 1233 2581 οη
1248 2561 1369 2581 erasure
1384 2561 1391 2589 ;
1414 2561 1444 2581 so
1462 2552 1501 2586 B,

245 2613 277 2634 X.
295 2605 329 2634 et
346 2607 430 2642 being]
446 2607 573 2635 inserted
588 2607 676 2635 abore
691 2607 737 2634 the
752 2607 822 2635 line.
923 2603 945 2621 ¹¹
969 2604 1072 2634 osuiu
1085 2603 1127 2634 N.
1144 2603 1181 2634 O.
1281 2601 1305 2620 ¹²
1327 2602 1365 2632 in
1382 2613 1439 2633 om.
1458 2602 1504 2633 M.
