1803 2887
246 165 328 204 106
605 161 815 202 Historia
845 159 1150 201 Ecclesiastica
1351 166 1435 208 [Lm.
1455 169 1498 200 ΙΙ.

242 279 421 317 succende
437 291 449 324 ,·
480 278 666 325 quatinus
698 279 823 315 amoto
853 273 997 323 torpore
1017 275 1333 323 perniciosissimi
1362 275 1494 321 cultus,
1788 323 1789 327 Ἰ

245 345 403 381 diuinae
428 343 524 390 fidei
552 343 657 380 calor
685 343 767 380 eius
794 341 1086 389 intelleqentiam
1111 338 1293 378 tuarum¹
1322 340 1498 378 adhorta·
1752 341 1789 390 s}

244 410 392 447 tionum
412 408 717 456 frequentatione
744 407 955 453 succendat,
979 409 1023 443 ut
1042 406 1210 453 profecto
1237 417 1365 443 sacrae
1386 406 1500 452 scrip·
1788 398 1789 402 ¹

244 478 352 512 turae
373 475 628 513 testimonium
646 485 718 521 per
736 476 768 510 te
788 473 971 520 expletum
991 472 1252 509 indubitanter
1260 471 1500 518 perclareat:

249 541 498 578 ‘Saluabitur
520 540 586 576 uir
614 539 783 586 infidelis
803 550 875 585 per
895 537 1089 574 mulierem
1109 536 1291 583 fidelem.’
1347 534 1416 573 Ad
1435 536 1502 573 hoc
1527 547 1537 565 1
1555 538 1624 566 cor.
1639 537 1692 565 vii·

245 607 346 643 enim
383 605 680 643 misericordiam
712 604 924 641 dominicae
953 603 1110 650 pietatis
1140 604 1336 639 consecuta
1376 613 1422 647 es,
1457 604 1502 639 ut
1526 586 1568 613 ¹4'
1587 577 1624 604 ’ά

235 672 415 719 fructum
436 671 531 717 fidei
562 670 857 715 creditorumque
896 669 964 705 tibi
995 668 1260 714 beneficiorum
1289 667 1505 704 Redemtori

246 740 309 775 tuo
346 737 592 783 multiplicem
628 735 848 782 resiqnarcs.
912 733 1019 781 Quod
1055 733 1234 780 equidem,
1269 732 1506 779 suffrayante

237 802 433 850 praesidio
467 801 713 849 benignitatis
744 800 875 847 ipsius,
908 802 952 836 ut
985 799 1125 846 explere
1158 798 1298 845 ualeas‚
1332 797 1507 835 adsiduis

245 880 321 905 non
341 867 558 904 desistimus
568 866 747 913 precibus
758 865 964 912 postulare.

301 933 379 970 His
416 944 498 979 erqo
532 931 756 979 praemissis
767 929 791 977 ²,
836 933 1022 977 paternae
1058 929 1168 966 uobis
1205 928 1416 965 dilectionis
1452 939 1507 965 ea'·

246 999 411 1037 hibentes
447 998 580 1045 officia,
622 997 828 1043 hortamur,
865 998 909 1032 ut
945 1007 1013 1033 nos
1049 997 1195 1042 reperta
1229 994 1423 1042 portitoris
1455 1005 1508 1030 oe-

247 1065 395 1102 casione
416 1064 459 1101 de
477 1064 546 1110 liis,
571 1073 665 1109 quae
676 1073 748 1109 per
764 1073 832 1098 uos
851 1072 1015 1107 superna
1026 1060 1198 1107 potentia
1221 1059 1449 1097 mirabiliter
1465 1059 1507 1095 in

247 1128 549 1167 conuersatione3
584 1127 755 1174 coniussis
782 1127 901 1164 uestri
930 1126 1222 1172 summissaeque
1250 1125 1358 1162 uobis
1384 1124 1507 1171 qentis

247 1196 429 1242 diqnatus
453 1194 578 1241 fuerit
610 1192 768 1239 operari,
799 1192 991 1238 prosperis
1024 1191 1246 1238 quantocius
1274 1190 1427 1227 nuntiis
1456 1200 1508 1226 re·

248 1261 379 1298 leuctis
390 1260 413 1306 ⁴,
439 1259 623 1306 quatinus
644 1257 856 1295 sollicitudo
880 1259 1019 1303 nostra,
1043 1267 1137 1303 quae
1165 1256 1208 1293 dc
1232 1256 1350 1293 uestri
1372 1257 1508 1292 uestro·

247 1337 405 1372 rumque
453 1325 624 1362 omnium
662 1323 816 1361 animae
852 1323 974 1360 salute
1019 1322 1203 1369 optabilia
1251 1321 1510 1358 desideranter

248 1393 438 1438 exspectat,
459 1391 569 1427 uobis
583 1390 595 1408 ⁵
610 1389 883 1427 nuntiantibus
896 1389 1081 1425 releuetur
1093 1386 1116 1434 4,
1136 1387 1511 1433 inlustrationemque

251 1457 407 1494 diuinae
425 1456 713 1503 propitiationis
741 1455 782 1491 in
807 1454 916 1491 uobis
942 1452 1130 1499 diffusam
1158 1452 1371 1499 opulentius
1399 1463 1510 1499 ayne-

250 1525 399 1568 swntes,
424 1522 543 1559 hilari
567 1521 794 1568 confessione
820 1519 991 1566 larqitori
1016 1518 1187 1555 omnium
1212 1518 1391 1554 bonorum
1415 1517 1506 1562 Deo,

251 1589 284 1624 et
315 1588 417 1624 beato
445 1587 555 1624 Petro
581 1586 833 1634 apostolorum
854 1584 1025 1631 principi
1051 1584 1180 1621 uberes
1209 1583 1340 1620 merito
1362 1582 1512 1629 qratias

251 1653 502 1690 eoesozuamus.

306 1718 506 1755 Praeterea
544 1717 829 1755 benedictionem
858 1715 1080 1763 protectoris
1116 1715 1234 1752 uestri
1272 1714 1369 1751 beati
1408 1713 1515 1751 Petri

252 1784 503 1830 cqiostoloram
531 1783 722 1830 principis
758 1781 867 1819 uobis
903 1780 1121 1826 direximus,
1156 1779 1197 1816 id
1234 1781 1287 1816 est
1323 1779 1515 1826 speculum

254 1852 484 1896 argenteum,
533 1852 566 1886 et
605 1847 819 1895 pectinem6
865 1845 1058 1884 eboreum⁷
1107 1846 1334 1882 inauratum
1348 1857 1360 1890 ,·
1416 1843 1516 1891 quod

246 1915 425 1962 petimus,
450 1917 552 1952 uteo
582 1913 828 1961 beniqnitatis
854 1912 984 1949 animo
1008 1911 1132 1959 qloria
1159 1913 1289 1948 uestra
1316 1910 1510 1957 suscipiat,

254 1992 325 2028 quo
345 1993 369 2017 a
388 1980 497 2017 nobis
514 1980 685 2017 noscitur
703 1979 945 2016 destinatum.

758 2071 878 2110 OAP.
904 2069 1004 2108 XII.

352 2153 389 2180 Ut
404 2152 545 2179 Aeduini
557 2147 568 2165 ⁸
578 2159 633 2186 per
650 2151 802 2178 visionem
819 2149 974 2184 quondam
990 2148 1050 2176 sibi
1065 2147 1146 2175 exuli
1161 2149 1311 2175 ostensam
1328 2147 1367 2174 sit
1383 2147 1424 2174 ad

695 2203 876 2231 credendum
886 2202 1081 2236 prouocatus.

29 2280 222 2325 Mystqrious
311 2271 434 2308 HAEC
459 2270 628 2319 quidem
652 2269 903 2306 memoratus
927 2279 1030 2316 papa
1056 2265 1291 2303 Bonifatius
1317 2265 1366 2303 de
1387 2264 1516 2302 salute

28 2329 218 2356 expenence
258 2336 364 2386 regis
384 2335 566 2374 Aeduini
580 2335 591 2354 ⁹
612 2348 656 2372 ae
677 2334 811 2384 gentis
838 2333 966 2382 ipsius
989 2331 1137 2369 litteris
1157 2331 1312 2381 agebat.
1373 2330 1451 2368 Sed
1476 2331 1516 2367 et

301 2431 310 2448 ¹
346 2433 488 2461 tuorum
507 2430 552 2461 M.
571 2430 606 2461 C.
625 2430 676 2461 13¹.
760 2429 771 2446 2
794 2429 910 2459 —misis
927 2425 985 2460 Ml.
1066 2427 1077 2444 ³
1102 2427 1332 2458 conuersione
1349 2426 1384 2456 G.
1403 2423 1455 2456 B2.
1473 2425 1514 2455 D.

257 2484 268 2501 4
294 2484 466 2522 reueletis,
488 2484 561 2512 -tur
578 2482 688 2522 C.H1.
709 2481 750 2512 D.
811 2482 822 2499 ⁵
847 2481 948 2511 nobis
962 2481 1007 2512 M.
1068 2478 1080 2496 ⁶
1104 2480 1243 2519 pectine
1261 2479 1306 2509 M.
1325 2478 1373 2513 (ἔς
1397 2481 1516 2508 obscure

258 2539 293 2567 in
307 2536 346 2567 B.
416 2533 426 2550 ⁷
451 2535 647 2564 eburneum
660 2533 716 2564 M2.
732 2533 784 2563 13⁴2.
854 2533 866 2551 ⁸
891 2533 1015 2563 eduini
1029 2532 1057 2562 B
1075 2542 1083 2570 3
1100 2531 1223 2562 ediuni
1237 2531 1268 2561 N
1287 2541 1294 2567 ;
1309 2530 1465 2560 eduuine
1480 2528 1514 2559 C.

256 2588 267 2606 ⁹
291 2587 415 2618 eduini
432 2587 467 2617 C.
480 2587 518 2618 B.
