1803 2887
317 167 397 207 192
671 169 878 213 Historia
909 171 1215 214 Ecclesz'ccstica
1405 180 1492 222 [Lm.
1511 183 1570 214 ΙΙΙ.

312 282 483 321 lentiae¹
512 285 611 333 lues,
648 287 902 336 depopulatis
935 287 1049 337 prius
1079 288 1325 326 australibus
1350 288 1572 327 Brittaniae

311 348 450 398 plagis,
491 351 528 387 N
532 352 933 401 ordanhymbrorum
973 368 1133 403 quoque
1168 355 1420 403 prouinciam
1458 354 1572 392 corri-

311 414 438 462 piens,
491 418 614 466 atque
661 418 827 456 acerba‘2
876 419 989 458 clade
1040 420 1195 457 diutius
1242 420 1362 469 longe
1410 420 1571 468 lateque

310 479 556 529 desaeuiens,
589 496 783 532 magnam
811 484 1030 523 hominum
1063 485 1378 523 multitudinem
1411 485 1570 523 strauit.

255 589 258 592 ⁴
312 544 400 592 Qua
425 546 544 596 plaga
572 549 778 597 praefatus
801 551 970 589 Domini
996 551 1179 589 sacerdos
1199 551 1314 589 Tuda
1338 553 1480 600 raptus
1509 552 1570 588 est

84 752 223 787 English

82 792 235 819 students
249 792 284 819 in

83 831 224 860 Ireland.

78 1474 174 1507 Story
191 1474 226 1499 of

78 1512 248 1539 Ethelhun

77 1552 142 1578 and
148 1552 278 1587 Egbert.

311 609 361 647 de
391 614 558 661 mundo,
595 616 635 652 01
668 615 711 652 111
742 617 1000 664 monasterio,
1039 617 1147 666 quod
1180 617 1371 654 uocatur3
1407 616 1571 665 Paegna-

310 675 424 715 laech
439 680 461 726 ⁴,
486 679 708 718 honorifice
739 682 933 731 sepultus.
995 682 1108 720 Haec
1128 684 1268 720 autem
1288 682 1407 732 plaga
1427 682 1570 720 Hiber-

310 742 422 780 niam
457 758 617 795 quoque
655 747 834 785 insulam
874 748 961 796 pari
1008 748 1119 786 clade
1157 748 1377 796 premebat.
1440 747 1568 786 Erant

308 807 461 847 ibidem
483 824 529 848 eo
544 817 729 861 tempore
743 813 866 850 multi
887 813 1089 850 nobilium
1105 813 1229 850 simul
1245 815 1286 850 et
1301 813 1569 851 mediocrium

309 873 358 910 de
387 878 509 924 gente
541 878 786 927 Anglorum,
823 879 894 927 qui
923 880 1107 927 tempore
1138 878 1285 916 Finani
1311 880 1351 916 et
1380 878 1569 917 Colmani

308 941 602 992 episcoporum,
627 944 766 983 relicta
786 945 919 983 insula
938 946 1077 994 patria,
1102 945 1169 983 uel
1186 945 1346 983 diuinae
1367 945 1562 992 lectionis,

309 1007 375 1044 uel
413 1009 721 1048 continentioris
758 1012 867 1049 uitae
905 1011 1033 1060 gratia
1070 1010 1140 1049 illo
1179 1012 1437 1049 secesserant.
1512 1010 1567 1048 Et

309 1073 474 1121 quidam
496 1075 660 1123 quidem
680 1089 777 1113 mox
798 1089 841 1114 se
868 1077 1116 1114 monasticae
1145 1076 1444 1114 conuersationi
1473 1075 1567 1113 fide-

308 1138 402 1176 liter
428 1140 780 1189 mancipauerunt,
813 1141 883 1179 alii
912 1142 1042 1191 magis
1071 1142 1312 1179 circueundo
1342 1155 1414 1190 per
1444 1142 1567 1180 cellas

309 1206 611 1254 magistrorum,
646 1207 812 1244 lectioni
846 1220 1010 1256 operam
1045 1207 1139 1245 dare
1176 1207 1435 1257 gaudebant3
1467 1221 1568 1257 quos

308 1284 450 1309 omnes
499 1273 629 1310 Scotti
674 1273 946 1311 libentissime
987 1273 1267 1322 suscipientes,
1312 1273 1470 1311 uictum
1509 1273 1567 1312 eis

308 1337 558 1375 cotidianum
589 1338 677 1375 sine
702 1339 843 1387 pretio,
868 1338 994 1376 libros
1028 1352 1188 1388 quoque
1215 1337 1218 1389 Ι
1245 1338 1295 1376 ad
1329 1339 1562 1388 legendum,

307 1404 346 1439 et
367 1402 650 1452 magisterium
669 1403 895 1452 gratuitum
915 1404 1107 1452 praebere
1127 1404 1332 1442 curabant.

359 1469 488 1506 Erant
526 1470 636 1507 inter
669 1469 744 1507 hos
782 1469 888 1507 (11105
918 1470 1088 1507 1111101105
1122 1482 1294 1519 magnae
1331 1469 1484 1507 indolis
1517 1470 1566 1508 de

307 1534 517 1572 nobilibus
545 1535 790 1584 Anglorum,
819 1535 1030 1573 Εᾶ111111116
1057 1537 1097 1572 01
1129 1535 1362 1584 Eegberoff,
1389 1548 1565 1584 quorum

303 1599 413 1648 prior
438 1600 563 1638 frater
593 1600 673 1639 fuit
700 1601 921 1648 Edfluiniss,
947 1601 1027 1638 uiri
1046 1614 1172 1650 aeque
1201 1601 1287 1638 Deo
1320 1600 1470 1647 dilecti,
1496 1600 1567 1649 qui

304 1667 344 1702 et
370 1665 456 1714 ipse
485 1679 586 1704 aeuo
612 1669 808 1715 sequente
837 1666 1083 1704 Hiberniam
1107 1666 1237 1715 gratia
1261 1666 1425 1715 legendi
1448 1666 1560 1714 adiit,

305 1733 344 1768 et
371 1730 476 1769 bene
502 1732 729 1769 instructus
753 1731 953 1780 patriam⁹
974 1731 1105 1776 rediit,
1131 1733 1253 1780 atque
1279 1732 1491 1780 episcopus
1519 1732 1564 1769 in

303 1797 512 1845 prouincia
544 1796 768 1835 Ιι111(]155110
798 1797 939 1845 factus,
973 1797 1106 1834 multo
1137 1796 1346 1834 ecclesiam
1380 1799 1565 1846 tempore

305 1862 561 1900 nobilissime
580 1864 695 1900 rexit.
758 1863 817 1901 Hi
837 1876 931 1912 ergo
952 1876 1046 1900 cum
1067 1865 1203 1900 essent
1229 1862 1273 1899 in
1301 1862 1560 1910 monasterio,

306 1925 415 1974 quod
450 1925 590 1974 lingua
628 1926 863 1964 Scottorum
898 1924 1209 1974 Rathmelsigiss
1241 1925 1480 1974 appellatur,
1523 1927 1564 1963 et

306 2004 450 2029 omnes
470 1992 566 2029 socii
587 1992 769 2040 ipsorum
785 1993 810 2012 ³²
831 1992 898 2029 uel
918 1991 1168 2029 mortalitate
1189 1992 1238 2029 de
1259 1991 1420 2028 saeculo
1441 1991 1558 2039 rapti,

306 2057 371 2094 uel
405 2070 477 2106 per
507 2057 586 2095 alia
616 2059 754 2107 essent
786 2057 872 2095 loca
903 2058 1084 2106 dispersi,
1109 2058 1280 2106 correpti
1314 2059 1411 2094 sunt
1442 2056 1563 2094 ambo

304 2123 448 2160 morbo
487 2123 671 2160 eiusdem
709 2123 982 2170 mortalit-atis,
1026 2124 1067 2160 et
1105 2122 1344 2171 grauissime
1381 2121 1562 2169 adflicti;

304 2201 325 2225 e
346 2189 495 2238 quibus
515 2189 716 2238 Ecgberct
729 2189 765 2237 ¹3,
791 2189 896 2227 sicut
919 2188 1024 2226 mihi
1044 2188 1241 2225 referebat
1262 2188 1429 2236 quidam
1455 2201 1564 2226 uera-

301 2255 490 2292 cissimus
515 2256 555 2291 et
580 2255 838 2292 uenerandae
868 2253 1030 2291 canitiei
1058 2253 1282 2302 presbyter,
1312 2253 1444 2301 quise
1464 2253 1563 2291 haec

300 2318 348 2355 ab
388 2319 476 2367 ipso
515 2319 676 2357 audisse
712 2318 965 2368 perhibebat,
1005 2332 1098 2356 cum
1130 2331 1172 2355 se
1205 2319 1439 2356 aestimaret
1474 2330 1561 2355 esse

1590 1346 1610 1374 f.
1629 1347 1662 1382 67
1676 1347 1704 1374 b.

344 2451 353 2468 ¹
377 2451 582 2491 pestilentia
599 2451 646 2482 M.
785 2449 797 2467 2
820 2460 945 2481 acerna
963 2450 1009 2481 M.
1028 2451 1064 2481 C.
1087 2449 1134 2481 13¹.
1153 2451 1195 2481 N.
1329 2449 1341 2467 3
1364 2450 1497 2480 dicitur
1512 2450 1559 2480 M.

300 2501 311 2518 4
337 2501 428 2531 ·lech
446 2501 482 2531 C.
500 2502 543 2532 N.
668 2501 679 2518 ⁵
703 2500 790 2530 duos
808 2500 854 2531 M.
982 2499 993 2517 ὅ
1016 2500 1125 2530 aedil-
1143 2500 1179 2530 C.
1318 2498 1330 2515 ⁷
1354 2499 1498 2530 eeberht
1514 2500 1558 2534 C;

300 2554 493 2592 ecgleberct
509 2554 552 2584 N.
641 2552 651 2568 s
675 2553 778 2583 aeoil-
795 2552 832 2583 C.
920 2552 932 2570 ⁹
957 2553 995 2582 in
1011 2553 1165 2591 patriam
1184 2552 1225 2582 N.
1326 2551 1350 2569 ¹⁰
1374 2551 1499 2582 lindisi
1516 2552 1558 2583 N.
1604 2596 1607 2597 ⁷

299 2604 321 2622 ¹¹
347 2616 400 2645 -ge
417 2604 470 2636 132.
561 2603 585 2622 ¹⁴²
608 2615 731 2636 eorum
748 2605 791 2636 N.
866 2603 889 2621 ¹³
912 2605 1053 2644 egberet
1070 2605 1101 2635 N
1116 2615 1124 2643 ;
1147 2604 1309 2635 ecbercht
1327 2604 1363 2635 C.
