1803 2887
82 326 100 351 f.
120 325 151 351 61
168 332 195 351 a.

43 1240 83 1268 Is.
101 1248 195 1267 xxxv.

44 1288 64 1314 7.

233 144 310 176 CAP.
330 140 470 181 XX111.]
631 133 782 176 Gentis
813 133 1082 188 Aozgylorum.
1405 132 1457 171 17
1462 132 1484 170 5

232 263 254 288 a
284 264 325 288 se
353 251 403 288 ad
435 250 758 288 construendum
789 248 1086 286 monasterium
1117 247 1307 296 accipere,
1338 247 1382 284 in
1409 261 1489 295 quo

232 316 318 364 ipse
350 329 420 353 rex
454 317 494 353 et
525 315 784 363 frequentius
820 314 870 351 ad
903 313 1204 362 deprecandum
1230 310 1234 363 Ι
1261 311 1488 350 Dominum

232 381 489 430 uerbumque
515 380 768 418 audiendum
789 379 992 425 aduenire,
1017 380 1057 416 et
1083 378 1301 416 defunctus
1327 377 1489 426 sepeliri

232 446 406 484 deberet.
468 446 575 483 Nam
603 447 643 483 et
666 458 708 482 se
735 445 874 493 ipsum
903 444 1080 482 fideliter
1108 443 1279 481 credidit
1307 442 1490 480 multum

231 511 365 549 iuuari
398 524 538 548 eorum
569 510 823 548 orationibus
853 509 1079 556 cotidianis,
1119 508 1189 557 qui
1220 508 1293 546 illo
1326 508 1370 545 in
1405 507 1492 545 loco

232 576 411 614 Domino
430 575 645 613 seruirent.
707 575 919 612 Habuerat
945 576 1084 611 autem
1114 573 1225 611 idem
1254 586 1324 610 rex
1353 586 1491 610 secum

230 641 401 679 fratrem
421 654 664 690 germanum
692 640 875 678 eiusdem
903 639 1091 688 episcopi,
1115 639 1313 677 uocabulo
1334 638 1487 685 Caelin,

232 706 369 744 uirum
399 719 524 755 aeque
553 707 639 743 Deo
660 705 868 751 deuotum,
893 705 965 754 qui
985 704 1064 753 ipsi
1093 717 1138 742 ac
1163 704 1342 742 familiae
1362 703 1491 752 ipsius

231 771 405 809 uerbum
426 774 466 809 et
486 772 737 809 sacramenta
757 770 864 817 fidei,
892 772 976 808 erat
997 769 1109 807 enim
1129 769 1352 819 presbyter,
1373 769 1492 806 mini-

232 839 361 874 strare
381 837 546 884 solebat,
571 849 643 885 per
667 835 782 874 cuius
809 835 1001 873 notitiam
1028 835 1209 872 maxime
1238 835 1288 872 ad
1318 835 1492 884 diligen—

233 902 333 940 dum
354 902 691 950 noscendumque
711 901 947 950 episcopum
967 901 1167 949 peruenit.
1221 900 1381 938 Fauens
1397 913 1492 949 ergo

233 967 342 1005 uotis
380 967 486 1016 regis
533 966 705 1004 antistes
751 966 898 1016 elegit¹
942 966 1021 1004 sibi
1068 966 1204 1003 locum
1251 965 1494 1003 monasterii

233 1032 497 1071 construendi
525 1032 569 1070 in
599 1031 812 1070 montibus
831 1031 968 1070 arduis
994 1045 1039 1069 ac
1067 1031 1246 1079 remotis,
1270 1031 1315 1068 in
1347 1031 1494 1080 quibus

231 1098 441 1136 latronum
479 1097 611 1147 magis
658 1097 839 1145 latibula,
883 1110 927 1135 ac
966 1097 1095 1135 lustra
1134 1098 1325 1144 ferarum,
1369 1110 1493 1146 quam

232 1163 463 1201 habitacula
509 1163 637 1201 fuisse
683 1163 933 1201 uidebantur
978 1163 1222 1210 hominum3
1271 1165 1328 1210 ut,
1380 1162 1494 1200 iuxta

233 1229 489 1279 prophetiam
528 1228 671 1276 Isaiae,
724 1229 792 1266 ‘in
831 1228 1047 1277 cubilibus,
1090 1228 1136 1265 in
1184 1228 1334 1277 quibus
1380 1228 1495 1277 prius

234 1295 426 1333 dracones
445 1294 697 1341 habitabant,
723 1293 921 1332 oriretur²
939 1294 1050 1332 uiror
1073 1294 1219 1331 calami
1243 1296 1282 1331 et
1299 1294 1437 1341 iunci,’
1454 1294 1495 1331 id

236 1362 297 1398 est
317 1360 477 1398 fructus
496 1359 700 1397 bonorum
721 1373 892 1408 operum
912 1359 971 1396 ibi
991 1361 1266 1405 nascerentur,
1292 1359 1363 1397 ubi
1383 1359 1496 1408 plius

236 1426 304 1463 uel
329 1425 484 1463 bestiae
511 1425 767 1472 commorari,
793 1425 860 1462 uel
888 1425 1081 1462 homines
1103 1424 1329 1463 bestialiter
1357 1425 1498 1463 uiuere

235 1492 489 1529 consuerant.

291 1557 470 1595 Studens
508 1558 646 1594 autem
689 1556 754 1594 uir
802 1555 970 1594 Domini
1008 1558 1220 1605 acceptum
1258 1556 1498 1594 monasterii

236 1621 374 1659 locum
394 1621 527 1670 primo
546 1621 733 1671 precibus
752 1634 797 1659 ac
817 1621 981 1660 ieiuniis
1003 1635 1026 1660 a
1051 1622 1225 1671 pristina
1245 1622 1497 1671 flagitiorum

238 1687 357 1726 sorde
389 1700 573 1736 purgare,
610 1689 650 1725 et
689 1687 746 1724 sic
782 1688 827 1725 in
866 1700 912 1725 eo
950 1688 1190 1725 monasterii
1227 1687 1498 1726 fundamenta

237 1753 374 1799 iacere,
398 1752 625 1801 postulauit
645 1765 668 1790 a
687 1766 790 1801 rege,
816 1755 861 1790 ut
891 1753 968 1790 sibi
995 1755 1132 1791 totum
1153 1754 1299 1791 XLmae
1319 1756 1494 1803 tempus,

239 1818 347 1868 quod
368 1817 559 1866 instabat,
576 1818 815 1856 facultatem
835 1831 879 1856 ac
899 1818 1110 1856 licentiam
1125 1819 1282 1857 ibidem
1303 1819 1500 1857 orationis

239 1897 356 1922 causa
385 1883 625 1922 demorandi
654 1884 903 1922 concederet.
965 1884 1122 1932 Quibus
1153 1884 1297 1922 diebus
1327 1884 1496 1932 cunctis,

239 1951 407 1998 excepta
427 1949 642 1997 dominica,
667 1949 871 1987 ieiunium
898 1950 948 1987 ad
973 1963 1188 1999 uesperam
1209 1963 1339 1999 usque
1354 1950 1366 1970 3
1387 1950 1502 1987 iuxta

239 2028 397 2053 morem
416 2015 634 2064 protelans,
659 2028 711 2052 ne
732 2017 832 2053 tunc
853 2016 1020 2064 quidem
1036 2016 1048 2034 ⁴
1069 2015 1149 2053 nisi
1165 2016 1282 2065 panis
1301 2015 1501 2064 permodi-

240 2094 344 2128 cum,
384 2082 424 2118 et
458 2094 589 2118 unum
621 2094 747 2118 ouum
781 2081 1079 2130 gallinaceum⁵
1113 2094 1206 2119 cum
1239 2094 1367 2130 paruo
1398 2081 1502 2119 lacte

239 2159 344 2195 aqua
390 2146 522 2184 mixto
569 2146 828 2195 percipiebat.
890 2146 1060 2185 Dicebat
1107 2147 1220 2184 enim
1263 2148 1369 2184 hanc
1416 2159 1503 2184 esse

240 2212 579 2249 consuetudinem
609 2225 761 2259 eorum⁷
795 2224 818 2249 a
857 2212 1006 2261 quibus
1039 2225 1228 2250 normam
1263 2213 1503 2261 disciplinae

242 2277 442 2327 regularis
462 2277 671 2325 didicerat,
696 2280 743 2315 ut
763 2280 924 2327 accepta
945 2291 1074 2327 nuper
1092 2278 1179 2316 loca
1198 2279 1248 2316 ad
1268 2279 1502 2316 faciendum

244 2343 542 2380 monasterium
590 2343 657 2381 uel
706 2343 928 2392 ecclesiam,
982 2344 1096 2392 prius
1154 2344 1409 2382 orationibus
1461 2357 1505 2382 ac

244 2408 408 2446 ieiuniis
437 2408 616 2447 Domino
649 2411 896 2448 consecrent.
958 2409 1144 2459 Cumque
1174 2410 1214 2448 X
1243 2409 1330 2448 dies
1360 2410 1505 2447 XLmae

289 2512 299 2529 ¹
323 2512 423 2552 eligit
439 2513 482 2544 N.
625 2512 636 2529 ²
659 2514 793 2544 orietur
809 2513 839 2543 N
857 2523 864 2551 3
888 2517 1085 2551 reproducz'ny
1101 2517 1146 2544 the
1161 2516 1252 2545 Latin
1269 2518 1327 2544 {ext
1342 2516 1376 2551 of
1387 2517 1507 2545 Isaiah.

247 2563 257 2581 ³
281 2574 390 2604 usque
407 2575 466 2596 om.
484 2565 520 2596 C.
608 2564 620 2582 ⁴
642 2566 787 2604 quidem
803 2569 901 2596 added
916 2576 955 2596 οη
972 2568 1095 2604 marqz'n
1113 2566 1160 2598 M.
1264 2566 1276 2584 ⁵
1300 2567 1407 2598 -cium
1425 2567 1472 2597 M.
