1803 2887
60 1649 81 1679 f.
100 1658 147 1685 ¹03
162 1650 191 1679 b.

250 164 327 196 Cn.
346 160 418 201 V1.]
650 151 800 195 Gentis
830 151 1099 206 Awylorum.
1422 151 1503 192 291

249 269 299 307 de
319 282 463 307 somno
479 268 593 318 graui
613 267 832 306 excitatum
856 266 1135 316 interrogauit,
1160 265 1194 302 si
1214 277 1388 313 nossem,
1413 265 1506 314 quis

248 336 364 382 esset,
396 334 467 383 qui
491 334 727 383 loqueretur
752 333 801 370 ad
830 345 908 370 me.
968 332 1027 370 At
1052 344 1125 380 ego
1153 330 1339 379 aperiens
1369 330 1505 368 oculos

248 399 311 437 aio
332 414 340 437 :
374 399 549 437 “Etiam
567 413 575 446 ;
604 401 650 436 tu
670 411 712 436 es
732 398 903 435 antistes
924 410 1040 434 meus
1055 396 1255 434 amatus.’'
1304 396 1328 413 “
1342 396 1506 443 Potes,”

248 464 396 514 inquit,
421 466 446 482 “
461 466 601 502 uiuere
617 465 637 502 ⁶?
653 464 674 479 ''
714 464 768 500 Et
782 476 854 512 ego
873 477 881 500 ε
908 463 931 480 “
948 462 1166 508 Possum,''
1187 460 1367 510 inquam,
1397 462 1505 510 “per

248 532 453 568 orationes
472 532 639 577 uestras,
665 528 700 567 si
719 527 896 566 uoluerit
918 527 1162 565 Dominus.’'

309 595 409 643 ‘Qui
428 596 629 644 inponens
649 594 771 643 capiti
792 607 882 631 meo
903 606 1084 639 manum,
1113 605 1207 629 cum
1229 591 1365 629 uerbis
1388 591 1507 629 bene-

249 660 449 709 dictionis,
492 660 611 698 rediit
649 660 695 697 ad
733 659 932 697 orandum
952 673 960 706 3
994 660 1034 696 et
1072 659 1165 706 post
1202 656 1401 706 pusillum
1440 670 1506 693 me

250 726 444 774 reuisens,
476 726 636 763 inuenit
666 725 889 772 sedentem,
915 725 954 761 et
984 723 1091 761 iam¹
1128 722 1241 771 loqui
1269 722 1506 768 ualentem3

252 792 464 841 coepitque
492 805 558 829 me
588 791 849 839 interrogare,
886 789 1038 836 diuino,
1068 789 1113 825 ut
1142 800 1238 824 mox
1267 787 1409 836 patuit,
1445 787 1508 825 ad-

250 856 435 894 monitus
472 856 682 902 instinctu,
726 868 778 892 an
820 868 887 892 me
929 867 1017 891 esse
1059 853 1310 902 baptizatum
1357 852 1509 901 absque

251 922 442 971 scrupulo
468 934 642 959 nossem.
704 920 779 959 Cui
804 933 877 969 ego
904 920 1055 968 absque
1075 918 1160 956 ulla
1179 931 1245 955 me
1272 918 1349 955 hoc
1369 917 1507 955 dubie-

251 989 337 1025 tate
356 987 457 1028 scire
478 986 680 1035 respondi,
713 986 806 1035 quia
827 985 995 1023 salutari
1021 984 1134 1022 fonte
1157 984 1202 1021 in
1223 982 1506 1020 remissionem

251 1054 507 1102 peccatorum
523 1066 654 1090 essem
671 1052 837 1089 ablutus
854 1066 862 1099 ;
892 1053 932 1089 et
951 1064 1104 1088 nomen
1123 1049 1361 1099 presbyteri,
1385 1062 1408 1087 a
1429 1062 1508 1098 quo

252 1132 318 1156 me
348 1118 600 1167 baptizatum
630 1131 836 1159 noueram,
859 1117 955 1155 dixi.
1010 1118 1069 1154 At
1089 1116 1185 1154 ille:
1220 1116 1243 1134 “
1258 1115 1302 1154 Si
1322 1115 1372 1153 ab
1392 1114 1508 1161 hoc‚”

232 1181 239 1188 ’
252 1184 399 1233 inquit,
429 1185 452 1202 “
466 1184 673 1222 sacerdote
684 1183 912 1232 baptizatus
924 1196 975 1230 es,
994 1196 1078 1220 non
1092 1195 1134 1220 es
1149 1181 1325 1231 perfecte
1338 1180 1510 1229 baptiza-

252 1252 345 1297 tus3
375 1249 497 1287 noui2
524 1262 702 1298 namque
733 1262 839 1295 eum,
868 1250 907 1285 et
935 1249 1029 1297 quia
1049 1261 1142 1285 cum
1170 1249 1277 1285 esset
1297 1246 1512 1296 presbyter

255 1315 475 1363 ordinatus,
502 1315 739 1353 nullatenus
759 1316 924 1364 propter
943 1313 1101 1363 ingenii
1121 1313 1356 1351 tarditatem
1376 1311 1511 1361 potuit

255 1381 529 1419 cathecizandi
543 1381 609 1419 uel
622 1380 856 1430 baptizandi
869 1379 1146 1417 ministerium
1165 1379 1330 1426 discere,
1343 1379 1511 1427 propter

255 1447 363 1496 quod
389 1449 429 1484 et
458 1446 544 1496 ipse
574 1446 694 1484 illum
717 1447 766 1484 ab
797 1446 921 1484 huius
946 1445 1250 1494 praesumtione
1276 1443 1506 1489 ministerii,

254 1513 361 1561 quod
391 1512 630 1562 regulariter
656 1512 814 1561 inplere
843 1511 1048 1560 nequibat,
1081 1509 1330 1548 omnimodis
1359 1522 1512 1547 cessare

253 1578 440 1627 praecepi
455 1578 509 1616 ³.’'
567 1578 724 1626 Quibus
745 1578 866 1616 dictis
892 1577 1033 1615 eadem
1053 1576 1152 1614 hora
1176 1589 1242 1614 me
1269 1575 1512 1613 cathecizare

252 1643 340 1693 ipse
369 1644 551 1692 curauit;
581 1645 814 1692 factumque
843 1644 905 1680 est
920 1642 944 1691 ²,
974 1640 980 1693 Ι
1004 1644 1061 1690 ut,
1097 1641 1338 1680 exsufflante
1368 1640 1438 1678 illo
1468 1640 1511 1677 in

252 1709 399 1748 faciem
428 1723 574 1759 meam,
603 1709 821 1748 confestim
850 1722 917 1747 me
943 1708 1095 1746 melius
1122 1707 1272 1745 habere
1300 1706 1507 1744 sentirem.

253 1775 428 1814 Uocauit
447 1778 586 1814 autem
607 1775 825 1823 medicum,
852 1776 892 1812 et
911 1773 1155 1812 dissolutam
1175 1772 1281 1810 mihi
1301 1771 1512 1810 emicranii

252 1841 484 1879 iuncturam
498 1855 727 1891 conponere
746 1843 869 1890 atque
888 1840 1052 1889 alligare
1072 1839 1203 1877 iussit.
1249 1839 1512 1887 Tantumque

252 1921 349 1946 mox
364 1909 526 1956 accepta
541 1907 627 1945 eius
639 1907 925 1945 benedictione
941 1905 1141 1953 conualui,
1162 1906 1209 1942 ut
1225 1904 1267 1941 in
1287 1903 1512 1941 crastinum

252 1974 476 2012 ascendens
492 1987 643 2023 equum
657 1987 749 2011 cum
765 1972 854 2022 ipso
867 1973 945 2009 iter
959 1972 1003 2009 in
1015 1971 1143 2008 alium
1158 1970 1296 2008 locum
1308 1970 1482 2007 facerem
1504 1984 1511 2016 ;

254 2050 328 2075 neo
357 2037 491 2074 multo
519 2039 611 2086 post
637 2036 758 2086 plene
788 2037 952 2073 curatus
986 2034 1103 2072 uitali
1133 2033 1258 2071 etiam
1286 2033 1399 2071 unda
1429 2046 1514 2082 per-

254 2102 372 2140 fusus
389 2102 400 2120 ⁴
421 2103 543 2140 sum.’

310 2167 462 2206 Mansit
494 2169 633 2205 autem
664 2167 708 2205 in
740 2167 974 2216 episcopatu
1005 2165 1125 2203 annis
1151 2164 1359 2212 XXXIII,
1389 2166 1428 2202 et
1459 2164 1514 2201 sic

300 2276 310 2292 ¹
334 2278 476 2308 inuenit
493 2277 600 2308 etiam
621 2278 773 2317 (omimnq
789 2277 985 2307 sedentem&
1005 2276 1039 2307 O.
1059 2276 1099 2306 N.
1245 2273 1257 2291 ²
1280 2278 1371 2305 From
1388 2274 1472 2304 noui
1490 2278 1516 2303 to

258 2330 462 2368 factumque
486 2331 538 2360 est
563 2332 673 2360 several
696 2332 791 2360 letters
813 2332 971 2366 occwrriny
993 2332 1026 2359 at
1050 2332 1094 2358 the
1117 2331 1192 2358 ends
1214 2329 1251 2365 of
1276 2330 1321 2358 the
1345 2330 1420 2357 lines
1443 2329 1517 2356 have

261 2385 329 2413 been
352 2386 470 2412 omitted
493 2386 528 2411 in
551 2382 595 2423 M,
616 2385 680 2412 (md
702 2385 800 2412 added
823 2385 858 2411 m
882 2393 901 2411 (ι
924 2384 1014 2411 much
1038 2384 1112 2411 later
1134 2383 1229 2411 hand.
1279 2382 1336 2410 The
1358 2381 1465 2409 vellum
1490 2381 1518 2408 is

260 2437 394 2472 dffeciire
410 2438 442 2464 at
464 2437 525 2464 this
535 2437 632 2472 point,
653 2437 704 2463 but
719 2437 779 2463 this
795 2437 823 2464 is
848 2437 895 2463 770!
911 2437 956 2464 the
973 2444 1061 2463 came
1077 2435 1112 2469 of
1121 2436 1167 2462 the
1190 2434 1361 2464 omissions,
1381 2442 1417 2461 as
1440 2434 1517 2461 there

260 2490 288 2516 is
311 2496 396 2522 space
422 2490 543 2516 between
558 2489 604 2516 the
627 2489 701 2516 ends
724 2488 759 2522 of
769 2489 814 2516 the
837 2488 913 2515 lines
927 2489 991 2515 and
1014 2488 1061 2516 the
1083 2488 1208 2523 margin
1219 2497 1230 2522 ;
1253 2487 1317 2514 and
1340 2487 1419 2514 there
1436 2486 1463 2513 is
1479 2494 1518 2513 νη)

260 2541 352 2576 defece}
374 2542 409 2568 in
431 2541 476 2569 the
499 2542 557 2569 text
578 2549 617 2569 on
641 2541 686 2569 the
710 2541 940 2576 correspovdiny
959 2541 1033 2574 part
1054 2540 1090 2575 os
1108 2541 1153 2567 the
1178 2547 1288 2568 reverse
1315 2538 1350 2574 of
1367 2539 1413 2566 the
1430 2537 1516 2572 fiilio.

261 2589 272 2606 ³
295 2591 449 2630 praecipi
463 2590 507 2621 M.
627 2590 637 2607 ‘¹
661 2590 793 2620 -fussus
809 2590 853 2620 M.

852 2656 882 2682 U
905 2657 923 2680 2
