1803 2887
257 146 313 186 84
618 143 669 185 H
670 143 826 186 istoria
857 142 1162 184 Ecclesiastica
1369 148 1453 190 [Lm.
1473 152 1514 182 11.

256 275 349 299 rum
378 260 629 299 fortissimus
648 259 876 298 Aedilfrid¹
899 259 1066 297 collecto
1093 257 1235 308 grandi
1262 257 1440 296 exercitu
1467 257 1515 296 ad

258 327 467 365 ciuitatem
497 326 737 376 Legionum,
773 339 875 374 quae
908 338 931 362 a
964 326 1087 374 gente
1124 323 1358 373 Anglorum
1397 323 1518 373 Lega-

258 390 440 439 caestir2,
465 404 487 428 a
507 390 774 428 Brettonibus
801 392 939 428 autem
968 389 1117 427 rectius
1144 388 1359 437 Carlegion
1387 387 1518 436 appel-

257 456 374 505 latur,
393 456 618 494 maximam
631 455 766 505 gentis
781 455 959 504 perfidae
972 456 1150 503 stragem
1171 453 1295 491 dedit.
1333 453 1519 502 Cumque

256 523 414 560 bellum
443 524 606 560 acturus
635 521 794 559 uideret
825 521 1049 558 sacerdotes
1079 532 1231 567 eorum,
1257 518 1328 568 qui
1355 518 1405 556 ad
1432 531 1518 556 exo-

258 587 435 625 randum
474 585 634 624 Deum3
665 599 739 635 pro
777 586 911 623 milite
949 584 1107 623 bellum
1145 585 1290 633 agente
1322 595 1537 620 0011110110--

258 653 362 699 rant,
388 665 574 689 seorsum
603 651 647 689 in
671 653 822 689 tutiore
848 651 936 688 loco
965 649 1197 697 consistere,
1223 648 1512 694 sciscitabatur,

258 718 329 767 qui
355 719 491 755 essent
517 717 571 765 hi,
597 717 748 766 quidue
774 716 904 754 acturi
931 716 1004 753 illo
1024 714 1326 753 conuenissent.
1388 713 1518 751 Erant

259 785 398 821 autem
428 782 597 832 plurimi
614 796 767 820 ⁴eorum
794 782 843 819 de
872 780 1120 819 monasterio
1142 779 1338 826 Bancorz
1363 778 1407 816 in
1437 792 1518 828 quo

258 850 399 886 tantus
420 848 550 886 fertur
575 848 701 886 fuisse
724 860 923 886 numerus
944 846 1250 892 monachorum,
1276 846 1333 890 ut,
1359 857 1452 882 cum
1472 844 1516 881 in

258 914 346 952 VII
379 914 588 963 portiones
625 915 730 951 esset
768 926 862 950 cum
901 910 1143 961 praepositis
1181 910 1260 948 sibi
1292 909 1518 947 rectoribus

258 980 560 1017 monasterium
577 979 769 1026 diuisum,
788 978 902 1015 nulla
922 978 1070 1015 harum
1089 976 1222 1026 portio
1236 976 1377 1013 minus
1393 988 1518 1024 quam

251 1045 406 1084 'CCCtOS
425 1044 615 1083 homines
636 1044 814 1091 haberet,
840 1043 910 1092 qui
927 1055 1070 1080 omnes
1091 1042 1140 1080 de
1160 1042 1296 1080 labore
1317 1054 1518 1079 manuum

258 1123 429 1148 suarum
468 1110 608 1148 uiuere
651 1109 847 1147 solebant.
919 1108 1085 1145 Horum
1125 1120 1219 1156 ergo
1262 1106 1431 1156 plurimi
1469 1105 1519 1143 ad

259 1177 530 1214 memoratam
551 1175 690 1221 aciem,
716 1176 877 1223 peracto
898 1173 1051 1210 ieiunio
1077 1173 1277 1220 triduano,
1307 1185 1401 1209 cum
1429 1171 1520 1209 aliis

259 1242 402 1279 orandi
417 1254 534 1279 causa
551 1242 838 1286 conuenerant,
860 1239 1056 1276 habentes
1076 1238 1332 1276 defensorem
1352 1237 1520 1274 nomine

258 1307 550 1354 Brocmailum,
577 1305 648 1355 qui
678 1318 745 1343 eos
774 1305 957 1342 intentos
986 1304 1175 1353 precibus
1204 1316 1226 1341 a
1254 1303 1520 1341 barbarorum

259 1373 405 1423 gladiis
439 1373 668 1421 protegeret
682 1371 705 1409 ⁵.
768 1371 952 1418 Quorum
987 1382 1151 1407 causam
1189 1369 1392 1406 aduentus
1425 1380 1521 1405 cum

258 1438 529 1476 intellexisset
549 1450 619 1474 rex
634 1436 827 1474 AEdilfrid
840 1436 863 1483 ⁶,
881 1435 937 1473 ait
956 1449 964 1473 :
998 1435 1129 1484 ‘Ergo
1150 1434 1184 1472 si
1205 1434 1424 1471 aduersum
1445 1445 1521 1471 nos

258 1504 307 1541 ad
343 1504 479 1541 Deum
513 1515 637 1540 suum
676 1502 867 1542 clamant,
903 1500 1084 1549 profecto
1124 1501 1164 1537 et
1203 1499 1294 1548 ipsi,
1329 1497 1520 1548 quamuis

259 1582 373 1607 arma
393 1582 478 1606 non
497 1568 642 1615 ferant,
669 1568 810 1604 contra
829 1579 905 1603 nos
924 1567 1123 1614 pugnant,
1150 1565 1221 1613 qui
1241 1563 1426 1602 aduersis
1445 1575 1521 1600 nos

258 1632 605 1682 inprecationibus
626 1631 959 1681 persequuntur.'
1012 1630 1159 1678 Itaque
1179 1629 1223 1667 in
1243 1629 1319 1666 hos
1338 1628 1520 1678 primum

259 1711 372 1736 arma
392 1698 499 1735 uerti
518 1697 644 1745 iubet,
661 1698 700 1734 et
722 1697 778 1734 sic
799 1698 951 1733 ceteras
972 1695 1171 1733 nefandae
1191 1694 1364 1732 militiae
1385 1692 1521 1742 copias

261 1778 345 1802 non
380 1764 471 1802 sine
509 1776 659 1812 magno
694 1762 895 1800 exercitus
934 1761 999 1799 sui
1034 1761 1184 1798 damno
1220 1759 1385 1798 deleuit.
1444 1759 1521 1796 Ex-

260 1830 433 1868 stinctos
462 1829 506 1867 in
535 1843 581 1867 ea
609 1842 746 1878 pugna
774 1828 914 1866 ferunt
945 1827 994 1864 de
1029 1826 1103 1874 his,
1139 1826 1210 1875 qui
1238 1826 1288 1863 ad
1318 1824 1521 1863 orandum

260 1897 470 1943 uenerant,
503 1895 613 1932 uiros
642 1894 802 1931 circiter
832 1893 947 1930 mille
977 1892 1102 1939 CCtffi,
1136 1894 1175 1928 et
1202 1891 1338 1929 solum
1365 1890 1398 1927 L
1424 1891 1522 1938 fuga

261 1974 347 1998 esse
366 1960 511 2009 lapsos.
571 1959 777 1997 Brocmail
797 1959 847 1996 ad
873 1957 1057 2007 primum
1084 1957 1268 1995 hostium
1294 1957 1520 1994 aduentum

260 2040 355 2064 cum
384 2026 469 2064 suis
496 2028 610 2075 terga
635 2027 811 2072 uertens,
837 2037 915 2071 eos,
941 2036 1042 2072 quos
1069 2023 1287 2060 defendere
1309 2021 1515 2068 debuerat,

259 2093 438 2130 inermes
459 2105 502 2129 ac
525 2092 658 2130 nudos
678 2090 923 2129 ferientibus
943 2090 1088 2139 gladiis
1108 2089 1287 2138 reliquit.
1349 2087 1496 2136 Sicque
1510 2087 1522 2106 ⁷

260 2158 498 2207 conpletum
524 2159 584 2195 est
610 2157 868 2206 praesagium
897 2155 1027 2193 sancti
1053 2154 1260 2204 pontificis
1279 2152 1516 2202 Augustini,

262 2223 452 2273 quamuis
489 2223 577 2272 ipso
611 2224 693 2260 iam
732 2223 866 2259 multo
904 2223 999 2259 ante
1031 2223 1216 2269 tempore
1250 2220 1299 2257 ad
1335 2217 1521 2256 caelestia

262 2302 386 2338 regna
421 2289 593 2336 sublato,
626 2290 674 2326 ut
709 2288 832 2325 etiam
864 2286 1103 2336 temporalis
1136 2285 1331 2323 interitus
1365 2284 1522 2321 ultione

304 2417 313 2434 ¹
340 2419 388 2448 sic
412 2417 475 2455 1313
500 2417 674 2448 aebelfred
699 2415 764 2455 B‘23
790 2416 949 2446 aeoilfrib
974 2416 1009 2446 C.
1183 2413 1194 2430 ²
1214 2415 1264 2445 sic
1288 2413 1354 2451 13¹3
1379 2414 1450 2443 —ter
1474 2413 1522 2451 (33

261 2470 495 2509 Legaecaester
511 2469 563 2500 B2.
748 2467 760 2485 ³
784 2469 969 2498 dominum
987 2467 1032 2498 M.
1051 2467 1121 2505 HJ„
1302 2465 1314 2482 ⁴¹
1337 2466 1468 2496 boncor
1484 2466 1521 2496 C.

260 2522 272 2539 ⁵
298 2523 387 2552 -rent
406 2522 452 2551 M.
727 2519 738 2537 ⁶
761 2519 918 2551 aecssfrib
939 2520 963 2551 C
979 2531 986 2558 ς
1010 2519 1177 2550 aedilfrid
1194 2518 1233 2549 Β1
1251 2528 1259 2557 ;
1283 2517 1453 2549 aebilfred
1469 2518 1521 2548 B'i.

260 2573 272 2592 ⁷
295 2583 363 2614 que
379 2584 436 2605 om.
454 2573 499 2606 M.
