1803 2887
323 150 407 190 284
510 164 512 166 ’
677 150 884 192 Historia
915 150 1215 193 Ecclesiastica
1427 159 1512 201 [Lm.
1531 161 1569 193 V.

321 260 361 296 et
381 258 690 308 adprehendens
710 273 804 297 eum
824 260 873 298 de
897 261 1048 308 mento,
1072 260 1239 310 signum
1262 262 1424 299 sanctae
1444 262 1572 301 crucis

321 323 484 372 linguae
513 324 600 362 eius
628 324 830 374 inpressit,
855 338 977 374 quam
1005 325 1206 374 signatam
1234 339 1421 364 reuocare
1444 327 1487 364 in
1514 340 1567 375 os,

323 392 363 426 et
392 389 506 438 loqui
534 390 653 427 illum
681 390 911 439 praecepit:
947 391 1129 439 ‘Dicito,’
1157 391 1359 440 inquiens,
1389 391 1572 441 ‘aliquod

322 455 506 501 uerbum,
541 455 664 493 dicito
691 468 763 504 gae
781 454 819 504 ¹,'
840 456 947 505 quod
969 457 1029 493 est
1058 456 1199 504 lingua
1227 457 1461 506 Anglorum
1490 470 1574 495 uer-

319 521 419 558 bum
445 521 693 559 adfirmandi
720 523 759 559 et
784 522 1077 570 consentiendi,
1102 522 1144 560 id
1170 524 1240 568 est,
1265 522 1400 561 etiam.
1459 523 1574 561 Dixit

320 586 390 623 ille
419 586 573 634 statim,
608 586 740 624 soluto
771 587 938 625 uinculo
969 588 1142 636 linguae,
1168 588 1276 637 quod
1310 588 1446 626 iussus
1475 591 1569 627 erat.

321 651 494 689 Addidit
533 651 744 700 episcopus
781 653 949 690 nomina
986 653 1244 691 litterarum:
1285 653 1443 692 ‘Dicito
1482 652 1574 701 A’;

321 716 425 755 dixit
445 716 514 754 ille
529 716 541 735 ²
562 717 612 755 A.
679 719 687 735 ⁴
701 718 835 756 Dicito
859 719 894 756 B
910 718 918 733 '
938 733 947 765 ;
968 718 1071 755 dixit
1090 718 1161 755 ille
1182 720 1221 756 et
1241 719 1326 757 hoc.
1388 719 1574 768 Cumque

321 782 483 831 singula
517 782 749 820 litterarum
782 783 952 821 nomina
991 783 1152 821 dicente
1190 783 1375 833 episcopo
1412 797 1576 833 respon-

320 848 444 895 deret,
478 847 636 885 addidit
669 849 709 885 et
742 848 919 897 syllabas
954 861 1000 887 ac
1034 849 1159 887 uerba
1196 849 1368 888 dicenda
1398 849 1462 887 1111
1489 863 1575 899 pro-

319 925 481 961 ponere.
539 912 594 950 Et
610 926 704 950 cum
720 912 763 950 in
779 913 972 952 omnibus
988 916 1283 964 consequenter
1297 916 1568 964 responderet,

318 977 523 1027 praecepit
559 991 654 1015 eum
693 979 918 1016 sententias
956 979 1160 1029 longiores
1198 980 1341 1028 dicere,
1376 981 1416 1018 et
1452 980 1573 1028 fecit3

319 1057 452 1092 neque
483 1043 592 1081 ultra
624 1044 795 1081 cessauit
823 1045 908 1081 tota
939 1043 1004 1082 die
1037 1045 1108 1082 illa
1141 1046 1181 1082 et
1214 1046 1332 1083 nocte
1364 1047 1570 1094 sequente,

319 1111 522 1158 quantum
561 1108 730 1158 uigilare
767 1108 912 1157 potuit,
956 1111 1002 1147 ut
1039 1110 1191 1158 ferunt,
1234 1110 1304 1159 qui
1342 1112 1574 1159 praesentes

319 1175 441 1221 fuere,
480 1174 593 1223 loqui
631 1174 799 1223 aliquid,
843 1177 883 1213 et
920 1188 1066 1213 arcana
1103 1189 1198 1213 suae
1236 1176 1492 1225 cogitationis
1529 1190 1573 1214 ac

320 1240 557 1287 uoluntatis,
592 1240 700 1289 quod
732 1253 961 1289 numquam
993 1243 1113 1279 antea
1142 1241 1288 1290 potuit,
1321 1241 1412 1278 aliis
1443 1243 1572 1279 osten-

318 1305 439 1351 dere3
469 1305 513 1342 in
543 1305 861 1343 similitudinem
891 1305 1003 1343 illius
1033 1306 1102 1343 diu
1133 1306 1277 1354 claudi,
1313 1306 1385 1355 qui
1411 1308 1575 1344 curatus

317 1369 367 1406 ab
391 1370 588 1418 apostolis
607 1370 730 1407 Petro
750 1375 790 1408 et
811 1370 1007 1418 Iohanne,
1031 1370 1202 1408 exiliens
1224 1371 1347 1418 stetit,
1373 1373 1413 1408 et
1438 1371 1575 1409 ambu-

318 1434 428 1472 labat
448 1449 456 1482 ;
487 1436 527 1472 et
552 1435 725 1473 intrauit
752 1449 846 1473 cum
870 1435 955 1473 illis
975 1436 1019 1473 in
1043 1436 1257 1484 templum,
1282 1436 1510 1484 ambulans,
1535 1438 1574 1473 et

319 1499 500 1548 exiliens,
526 1502 566 1538 et
595 1501 768 1538 laudans
795 1501 1052 1549 Dominum,
1082 1501 1263 1550 gaudens
1287 1501 1488 1539 nimirum
1512 1501 1574 1539 uti

320 1565 450 1603 officio
494 1567 657 1615 pedum,
701 1580 781 1616 quo
819 1569 935 1605 tanto
974 1569 1059 1604 erat
1106 1568 1290 1615 tempore
1337 1566 1571 1604 destitutus.

318 1631 444 1669 Cuius
468 1632 636 1670 sanitati
663 1633 924 1682 congaudens
950 1632 1164 1681 episcopus
1189 1632 1393 1681 praecepit
1415 1631 1573 1670 medico

322 1699 466 1737 'etiam
501 1699 703 1738 sanandae
737 1698 965 1736 scabredini
995 1697 1139 1747 capitis
1170 1697 1256 1735 eius
1291 1710 1430 1735 curam
1463 1697 1572 1735 adhi-

315 1767 422 1804 bere.

374 1832 495 1878 Fecit,
527 1832 573 1868 ut
602 1830 783 1877 iusserat,
815 1831 856 1867 et
884 1829 1051 1867 iuuante
1076 1829 1360 1867 benedictione
1384 1842 1429 1867 ac
1451 1829 1573 1878 preci-

318 1895 394 1933 bus
431 1894 639 1940 antistitiS,
681 1895 778 1931 nata
810 1894 872 1930 est
911 1905 1004 1930 cum
1041 1891 1216 1930 sanitate
1255 1891 1361 1929 cutis
1398 1893 1574 1929 uenusta

318 1960 472 2010 species
519 1959 772 2008 capillorum,
815 1958 1026 2007 factusque
1070 1959 1133 1994 est
1176 1956 1340 1994 iuuenis
1376 1956 1574 2006 limpidus

319 2027 441 2065 uultu
462 2028 502 2063 et
522 2024 703 2073 loquella
722 2026 919 2073 prothS,
944 2023 1102 2072 capillis
1121 2022 1396 2072 pulcherrime
1416 2022 1569 2071 crispis,

320 2092 392 2143 qui
423 2093 520 2129 ante
553 2090 687 2127 fuerat
720 2089 925 2137 deformis,
950 2102 1111 2138 pauper,
1145 2091 1186 2126 et
1216 2091 1368 2126 mutus.
1428 2088 1574 2137 Sicque

321 2159 370 2196 de
399 2158 588 2207 percepta
614 2155 786 2192 laetatus
816 2154 1021 2203 sospitate,
1047 2154 1242 2192 offerente
1271 2153 1396 2191 etiam
1426 2154 1462 2191 ei
1492 2153 1573 2202 epi-

320 2236 450 2271 scopo,
485 2221 558 2259 ut³
584 2221 628 2259 in
666 2234 739 2258 sua
769 2220 924 2258 familia
961 2219 1158 2257 manendi
1188 2219 1325 2256 locum
1358 2219 1570 2268 acciperet,

321 2286 451 2335 magis
471 2288 643 2325 domum
663 2300 853 2324 reuersus
873 2288 944 2324 est.

365 2372 373 2389 ¹
397 2383 449 2412 gae
466 2374 494 2403 B
509 2383 516 2410 ς
541 2372 602 2412 gea
616 2372 664 2413 Οἳ,
683 2384 722 2404 οη
736 2383 866 2404 erasure.
946 2371 958 2389 ²
982 2373 1054 2409 ille,
1070 2374 1169 2402 added
1184 2382 1223 2402 on
1235 2375 1359 2410 maram
1375 2371 1420 2402 M.
1489 2371 1501 2388 ³
1524 2374 1575 2407 ut,

320 2429 418 2457 added
435 2437 473 2457 on
489 2429 613 2464 marqin
630 2426 673 2456 M.

1599 1384 1669 1411 Aet.
1686 1383 1729 1411 iii..

1601 1424 1660 1450 2-8.

1598 1708 1618 1736 f.
1639 1718 1684 1736 101
1702 1717 1728 1737 a.

1782 2491 1792 2537 ιζ’

1782 2627 1794 2686 ἐξ

1781 2701 1788 2766 l,

1781 2782 1783 2813 ι
