1803 2887
242 165 320 195 CAP.
337 160 459 202 XV11.]
643 154 794 197 Gentis
826 154 1095 208 Anytorum.
1438 156 1490 195 35

233 270 394 317 poribus
421 270 687 316 detruduntur,
720 271 754 307 et
780 269 1008 316 tempestatis
1037 267 1217 315 ordinem,
1248 270 1283 305 et
1306 268 1489 315 pericula,

241 346 337 381 quae
364 335 585 382 intuterant,
602 335 839 381 fatebantur,
863 335 1052 381 uictosque
1077 344 1115 371 sc
1140 345 1269 371 corum
1291 334 1434 372 meritis
1462 336 1497 370 et

239 400 394 446 imperio
412 411 490 437 non
507 400 705 447 neyabant.

47 468 87 495 ib-
105 477 130 495 c.
147 478 186 503 2³-
295 465 451 502 Interea
494 463 790 502 Brittaniarum
836 465 1007 502 insulam
1054 464 1251 512 apostolici
1289 463 1496 502 sacerdotes
1519 471 1616 500 Their

239 531 379 577 raptim
412 531 598 577 opinione,
629 530 927 577 praedicatione,
968 530 1179 568 uirtutibus
1215 530 1494 577 impteuerunt;
1519 520 1654 540 success.

241 595 479 643 diuinusque
498 608 571 643 per
597 607 665 632 eos
692 607 810 633 serino
837 593 984 632 cotidie
1009 607 1088 632 non
1114 596 1237 633 sotum
1258 596 1301 632 in
1320 595 1492 640 ecclesiis,

239 671 375 697 uerum
401 662 516 698 etiam
535 672 609 708 per
638 661 766 707 triuia,
792 672 867 708 per
892 672 988 698 rura
1014 659 1346 708 p1·aedicabatur;
1375 659 1433 697 ita
1455 662 1498 697 ut

232 726 382 772 passim
401 728 436 762 et
456 725 598 773 fideles
612 723 624 742 ¹
645 726 815 764 catholici
828 726 1091 773 firmarentur,
1116 728 1151 763 et
1170 725 1371 773 deprauati
1389 726 1498 762 uiam

238 792 475 829 correctiones
503 794 754 839 aqnoscerent.
815 791 917 829 Erat
936 791 1014 829 iltis
1042 791 1299 839 apostotorum
1319 791 1445 828 instar
1463 792 1499 827 ct

237 857 359 905 yloria
378 860 413 895 et
438 858 645 896 auctoritas
663 869 738 905 per
755 858 1032 904 conscientiam,
1057 857 1227 895 doctrina
1244 868 1317 904 per
1339 857 1492 902 litteras,

237 923 400 961 uirtutes
418 934 462 960 ex
479 924 633 961 meritis.
693 923 833 970 Itaque
859 924 1024 971 reqionis
1049 923 1283 960 uniuersitas
1302 923 1345 959 in
1369 934 1498 959 eorum

241 990 468 1028 sententiam
490 992 646 1036 promta
676 990 892 1027 transierat.
950 989 1144 1026 Latebant
1173 989 1293 1026 abditi
1321 989 1498 1027 sinistrae

233 1056 498 1102 persuasionis
526 1058 704 1102 auctores,
736 1058 771 1092 et
798 1067 897 1093 more
919 1055 1081 1102 matiani
1109 1055 1279 1102 spiritus,
1302 1055 1500 1102 ,qemebant

234 1121 360 1168 perire
395 1121 468 1159 sibi
497 1121 663 1168 populos
695 1121 922 1166 suadentes,-
962 1121 1013 1158 ad
1054 1124 1270 1167 extremum,
1313 1120 1500 1157 diuturna

241 1186 484 1223 meditatione
512 1188 698 1233 concepta,
718 1189 976 1233 praesumunt
1004 1187 1100 1224 inire
1123 1187 1350 1233 conflictum.
1411 1186 1501 1222 Pro-

242 1252 376 1290 eedunt
429 1252 620 1299 conspicui
666 1252 824 1298 diuitiis,
876 1255 977 1290 ueste
1020 1253 1223 1300 fidyentes,
1275 1251 1500 1289 circum-dati

243 1318 503 1356 adsentatione
525 1318 756 1364 muttorzun3
786 1317 1086 1366 discrimenque
1114 1316 1349 1354 certaminis
1374 1317 1499 1355 subire

242 1383 470 1430 maluerunt,
496 1395 610 1430 quani
639 1383 681 1420 in
705 1383 855 1430 populo,
881 1395 992 1430 quem
1016 1384 1290 1429 subuerterant,
1313 1383 1500 1430 pudorem

242 1448 518 1487 taciturnitatis
560 1449 761 1495 incurrere,
804 1459 851 1486 ne
891 1449 1115 1486 uiderentur
1150 1460 1188 1487 se
1231 1449 1307 1496 'ipsi
1352 1449 1500 1486 silentio

243 1514 500 1552 damnauisse.
558 1514 649 1551 Ittic
672 1514 793 1561 plane
826 1515 1001 1552 inmensa
1031 1514 1239 1551 nudtitudo
1269 1515 1385 1551 etiam
1415 1525 1502 1550 eum

242 1580 466 1627 coniugyibus
503 1591 548 1618 ac
586 1580 712 1618 tiberis
743 1580 862 1617 exeita
894 1582 1128 1626 conuenerat,
1173 1579 1305 1617 aderat
1329 1579 1499 1626 populus

243 1648 456 1693 expectator
466 1643 488 1692 ²,
524 1645 693 1692 futurus
730 1648 765 1683 et
796 1645 918 1691 iudex,
956 1645 1164 1683 adstabant
1197 1647 1326 1692 partes
1355 1644 1502 1692 dispari

243 1711 457 1749 condicione
491 1711 717 1756 dissiniiles;
752 1711 840 1748 hinc
873 1711 1008 1748 diuina
1040 1709 1179 1757 fides³,
1213 1711 1300 1748 inde
1331 1710 1503 1747 humana

236 1778 503 1825 praesumtio‚·
532 1778 621 1814 hinc
646 1776 811 1825 pietas&
835 1777 923 1814 inde
945 1775 1185 1824 superbia⁵:
1215 1777 1303 1813 inde
1321 1776 1503 1823 Pelayius

244 1845 382 1889 auctor,
407 1844 495 1880 hinc
516 1842 701 1881 Christus.
760 1843 893 1880 Primo
908 1843 950 1879 in
973 1842 1052 1880 loco
1072 1842 1278 1880 beatissimi
1297 1842 1503 1880 sacerdotes

238 1909 503 1957 praebuerunt
547 1909 783 1947 aduersariis
826 1909 973 1956 copiam
1017 1908 1248 1955 disputandi,
1291 1919 1387 1955 quae
1424 1908 1504 1946 sota

245 1975 419 2012 nuditate
456 1975 658 2012 uerborum
696 1974 763 2011 diu
800 1974 971 2011 inaniter
1007 1976 1043 2011 et
1078 1985 1189 2011 ames
1226 1974 1434 2021 occupauit,
1470 1976 1504 2010 et

247 2042 411 2088 tempora
425 2053 437 2085 ;
468 2040 599 2077 deinde
626 2040 815 2077 antistites
839 2040 1047 2077 uenerandi
1074 2042 1254 2077 torrentes
1281 2039 1419 2086 eloquii
1443 2039 1505 2077 sui

246 2117 331 2143 cum
349 2106 560 2153 apostolicis
579 2108 614 2143 et
631 2105 857 2153 cuanyelicis
877 2104 1080 2141 imbribus
1092 2104 1354 2152 profuderunt
1369 2118 1381 2150 ;
1419 2104 1505 2141 mis-

246 2171 399 2208 cebatur
414 2182 535 2210 sermo
545 2173 731 2218 proprius
746 2182 832 2207 cum
846 2171 988 2217 diuino,
1014 2173 1048 2207 et
1065 2170 1295 2208 adsertiones
1307 2168 1506 2206 molestis-

246 2235 370 2274 simas
418 2237 618 2275 lectionum
663 2237 875 2275 testimonia
921 2237 1178 2284 sequebantur.
1259 2236 1508 2275 Conuincitur

246 2305 410 2351 uanitas,
426 2304 593 2351 perfidia
612 2304 858 2350 confutatum
888 2303 943 2340 ita
968 2305 1012 2339 ut
1038 2303 1089 2340 ad
1112 2302 1284 2349 sinyutas
1305 2303 1506 2340 uerborum

247 2370 462 2407 obiectiones
492 2381 622 2406 errare
655 2381 702 2416 se,
739 2369 831 2406 dum
858 2368 1074 2416 respondere
1106 2367 1262 2415 nequiit,
1291 2368 1503 2415 fateretur;

292 2495 303 2512 ¹
327 2496 396 2526 fide
413 2496 532 2527 Const.
624 2495 636 2512 ²
660 2497 733 2526 ·tur
749 2495 796 2526 Μ.
812 2496 847 2526 C.
864 2495 893 2525 B
909 2505 916 2533 ;
939 2496 974 2525 et
990 2494 1056 2525 fut.
1076 2495 1111 2526 M
1128 2506 1135 2533 3
1160 2495 1334 2534 spectator
1349 2494 1501 2534 futurus,

249 2549 284 2578 eb
299 2548 405 2578 iudex
423 2548 539 2579 Const.
718 2548 729 2565 3
753 2548 945 2578 auotoritas
963 2547 1083 2578 Const.
1227 2545 1239 2564 ¹
1261 2547 1348 2577 fides
1365 2547 1482 2578 Const.
1498 2557 1504 2583 ;

249 2599 333 2630 inde
351 2624 357 2631 .
378 2624 385 2630 .
403 2624 409 2630 .
427 2601 539 2639 pietas
556 2609 613 2630 onz.
633 2598 683 2630 13¹.
787 2599 799 2617 ⁵
822 2598 971 2638 perfidia
988 2599 1106 2630 Const.

784 2666 853 2692 D2
