1803 2887
98 539 259 567 Swidbert

95 587 170 605 con-

96 619 240 645 seerated

95 657 210 691 bishop
226 657 275 684 for

97 696 210 724 Frisia‚

100 2103 269 2131 Wilbrord

98 2152 173 2171 con-

98 2182 244 2210 secrated
260 2185 294 2209 at

100 2223 210 2249 Rome.

323 153 407 192 302
683 149 892 192 Historia
923 149 1226 191 Eoelesiastiea
1437 156 1522 198 [Lm.
1541 158 1581 188 V.

324 267 402 304 alia
429 267 627 316 perplura,
654 280 756 316 quae
780 266 886 303 tanti
912 263 916 316 Ι
942 265 1074 314 operis
1103 265 1316 314 negotium
1346 264 1576 313 quaerebat,
1602 269 1624 297 f.
1645 278 1693 304 107
1707 279 1737 298 a.
1791 285 1792 292 ¹

324 333 391 370 uel
415 332 473 370 ibi
500 333 652 370 discere
678 332 745 369 uel
771 331 866 369 inde
892 331 1069 380 accipere
1099 330 1297 379 cupiebat.
1360 330 1413 367 In
1434 330 1582 379 quibus

327 398 520 436 omnibus
541 411 634 435 cum
656 397 716 435 sui
739 396 827 434 uoti
847 409 1013 445 compos
1033 397 1139 433 esset
1158 396 1337 444 effectus,
1362 396 1412 434 ad
1432 395 1583 445 praedi-

326 463 502 501 candum
524 463 655 501 rediit.

382 529 469 576 Quo
511 530 695 577 tempore
733 528 889 575 fratres,
933 526 1003 576 qui
1047 528 1162 565 erant
1203 526 1247 564 in
1287 526 1424 565 Fresia
1466 526 1582 564 uerbi

326 593 555 631 ministerio
581 593 813 642 mancipati,
839 593 1050 642 elegerunt
1075 605 1125 629 ex
1152 605 1225 630 suo
1252 605 1423 630 numero
1444 592 1582 629 uirum

326 660 561 697 modestum
596 659 790 703 moribus,
827 660 867 696 et
906 660 1171 695 mansuetum
1207 658 1336 705 corde,
1375 657 1584 696 Suidberc-

326 724 453 771 tum¹,
490 724 560 773 qui
591 724 648 762 eis
678 724 935 762 ordinaretur
964 723 1145 771 antistes,
1180 737 1302 772 quem
1337 722 1583 761 Brittaniam

326 789 578 827 destinatum
605 790 654 827 ad
681 789 925 839 petitionem
952 802 1094 826 eorum
1123 789 1327 826 ordinauit
1348 789 1584 826 reuerentis-

327 856 457 893 simus
486 855 639 893 Uilfrid
670 855 893 904 episcopus,
926 854 995 903 qui
1025 856 1116 891 tum
1147 854 1254 891 forte
1282 854 1413 903 patria
1441 853 1585 902 pulsus

326 920 369 958 in
409 920 653 958 Merciorum
698 920 933 970 regionibus
975 919 1172 957 exulabat.
1239 919 1332 957 Non
1381 919 1493 957 enim
1540 932 1586 956 eo

326 987 510 1035 tempore
539 985 713 1023 habebat
742 985 978 1034 episcopum
1008 985 1164 1034 Cantia,
1194 985 1385 1023 defuncto
1415 984 1583 1034 quidem

325 1052 549 1099 Theodoro,
588 1052 657 1088 sed
697 1051 875 1089 necdum
909 1050 1178 1089 Berctualdo2
1217 1064 1445 1088 successore
1479 1050 1577 1097 eius,

325 1117 396 1166 qui
417 1119 531 1154 trans
552 1130 663 1154 mare
683 1116 936 1154 ordinandus
956 1116 1068 1164 ierat,
1093 1117 1143 1154 ad
1164 1117 1304 1154 sedem
1325 1117 1583 1165 episcopatus

326 1182 389 1220 sui
410 1195 582 1220 reuerso.

382 1247 461 1295 Qui
481 1247 674 1284 uidelicet
696 1247 933 1285 Suidberct3
954 1249 1116 1296 accepto
1137 1247 1382 1296 episcopatU,
1408 1247 1458 1285 de
1478 1247 1584 1284 Brit-

325 1313 440 1350 tania
466 1326 683 1362 regressus,
708 1326 793 1350 non
814 1313 948 1350 multo
971 1314 1064 1362 post
1090 1313 1140 1351 ad
1170 1314 1337 1363 gentem
1364 1313 1584 1351 Boructua-

328 1391 467 1415 rorum
489 1378 664 1425 secessit,
693 1391 736 1415 ac
763 1377 917 1416 multos
943 1391 1084 1416 eorum
1109 1378 1379 1427 praedicando
1402 1378 1451 1416 ad
1473 1378 1584 1416 uiam

326 1443 512 1480 ueritatis
551 1443 750 1491 perduxit.
813 1444 893 1481 Sed
923 1443 1194 1493 expugnatis⁴
1224 1457 1307 1481 non
1337 1443 1458 1493 longo
1491 1445 1583 1493 post

324 1511 509 1557 tempore
540 1508 805 1546 Boructuaris
834 1522 857 1546 a
887 1511 1009 1558 gente
1043 1508 1325 1558 Antiquorum
1359 1509 1578 1556 Saxonum,

326 1574 498 1622 dispersi
532 1575 629 1611 sunt
667 1574 849 1623 quolibet
887 1574 942 1621 hi,
981 1575 1051 1623 qui
1085 1574 1258 1612 uerbum
1296 1574 1584 1623 receperant⁵;

327 1639 413 1688 ipse
450 1638 622 1676 antistes
660 1652 753 1676 cum
792 1639 1038 1689 quibusdam
1078 1640 1304 1689 Pippinum
1344 1640 1471 1688 petiit,
1514 1640 1584 1689 qui

327 1704 618 1753 interpellante
635 1704 929 1754 Bliththrydae
941 1706 952 1723 ὃ
968 1705 1139 1754 coniuge
1160 1719 1243 1754 sua,
1263 1706 1375 1743 dedit
1391 1706 1427 1743 ei
1447 1706 1583 1744 locum

327 1769 555 1807 mansionis
570 1769 613 1807 in
630 1769 768 1807 insula
784 1770 959 1819 quadam
976 1770 1110 1808 Hreni
1124 1771 1146 1818 ⁷,
1168 1784 1271 1820 quae
1286 1771 1427 1821 lingua
1442 1785 1583 1809 eorum

328 1837 498 1873 uocatur
516 1835 570 1872 In
591 1835 735 1882 litore;
765 1835 809 1872 in
834 1849 914 1884 qua
939 1835 1037 1885 ipse,
1063 1838 1295 1874 constructo
1320 1837 1579 1884 monasterio,

328 1900 435 1949 quod
481 1901 681 1938 hactenus
724 1901 894 1939 heredes
937 1901 1147 1950 possident
1197 1902 1293 1949 eius,
1346 1902 1584 1951 aliquandiu

327 1966 730 2004 continentissimam
772 1967 898 2016 gessit
938 1966 1078 2013 uitam,
1112 1966 1250 2016 ibique
1291 1967 1400 2005 diem
1440 1967 1584 2006 clausit

327 2032 536 2070 ultimum.

383 2098 611 2147 Postquam
650 2111 749 2136 uero
786 2111 859 2147 per
897 2111 1028 2136 annos
1065 2098 1220 2148 aliquot
1253 2098 1297 2136 in
1332 2098 1478 2146 Fresia,
1513 2098 1583 2148 qui

327 2163 591 2211 aduenerant,
617 2164 854 2211 docuerunt,
887 2164 1002 2202 misit
1026 2164 1179 2213 Pippin
1202 2164 1368 2202 fauente
1394 2164 1584 2202 omnium

328 2242 530 2266 consensu
574 2229 713 2266 uirum
756 2230 1033 2267 uenerabilem
1078 2229 1349 2268 Uilbrordum
1394 2231 1579 2277 Romam,

328 2294 443 2331 cuius
471 2295 604 2332 adhuc
632 2295 920 2344 pontificatum
950 2295 1114 2344 Sergius
1143 2295 1328 2342 habebat,
1353 2295 1578 2344 postulans,

329 2361 375 2397 ut
399 2359 530 2397 eidem
561 2361 788 2398 Fresonum
818 2361 932 2410 genti
961 2360 1285 2410 archiepiscopus
1309 2361 1578 2400 ordinaretur.

372 2467 382 2483 ¹
407 2469 606 2499 -berchtum
624 2469 669 2507 C;
693 2470 862 2500 -birctum
880 2470 921 2501 N.
1038 2468 1050 2485 ²
1071 2471 1209 2500 bercht—
1224 2471 1261 2502 C.
1386 2469 1397 2486 ³
1421 2472 1513 2502 -berc
1531 2471 1561 2501 N
1578 2482 1585 2509 ;

329 2522 506 2552 suitberht
523 2522 561 2553 C.
657 2522 668 2539 ⁴
691 2523 828 2553 mantis
845 2523 890 2554 M.
966 2522 978 2540 ⁵
999 2522 1155 2563 *re'coep-
1172 2523 1218 2554 M.
1294 2525 1305 2542 θ
1327 2523 1384 2554 -de
1402 2523 1452 2563 B;
1477 2524 1530 2555 -be
1547 2525 1586 2556 C.

329 2573 339 2590 ⁷
365 2575 468 2605 rheni
486 2575 524 2607 C.
