1803 2887
81 2167 177 2200 Story
192 2165 227 2193 of

83 2206 245 2239 Caedmon,

80 2244 138 2272 the
153 2254 232 2272 cow-

80 2283 162 2311 herd
177 2284 258 2311 hard

79 2322 116 2349 of
126 2323 274 2358 Whitby.

321 147 406 186 258
678 147 730 189 H
727 147 887 190 istoria
916 147 1221 191 Ecclesiastica
1414 153 1500 195 [Lm.
1516 156 1573 187 IV.

321 274 415 299 cum
459 266 710 312 exponerent
748 277 820 313 per
871 264 1067 311 ordinem,
1115 264 1320 312 quomodo
1367 263 1467 301 haec
1512 261 1580 300 uel

322 329 486 375 quando
514 328 764 375 didicissent,
796 330 1018 368 inuentum
1050 332 1122 376 est,
1155 330 1298 367 eadem
1327 330 1427 367 hora
1451 330 1580 366 trans·

321 391 429 430 itum
450 393 537 431 eius
561 394 645 432 illis
671 397 884 434 ostensum
905 409 992 433 esse
1021 409 1094 445 per
1117 395 1332 443 uisionem‚
1358 408 1438 444 qua
1461 394 1579 431 illam

320 458 550 498 referebant
576 461 706 498 exisse
735 462 785 498 de
814 462 980 500 mundo.
1043 461 1304 510 Pulchraque
1332 473 1469 498 rerum
1490 472 1581 497 con-

321 524 457 562 cordia
485 528 747 574 procuratum
777 529 839 564 est
867 527 1081 573 diuinitus,
1116 528 1172 573 ut,
1206 539 1300 564 cum
1329 525 1392 563 illi
1421 525 1579 563 exitum

321 588 409 627 eius
445 591 495 628 de
527 591 602 628 hac
634 592 720 630 uita
757 592 956 637 uiderent,
996 594 1096 629 tunc
1134 591 1205 629 isti
1241 591 1461 629 introitum
1491 590 1579 628 eius

320 654 365 691 in
385 658 625 705 perpetuam
645 657 877 695 animarum
902 658 1032 695 uitam
1052 658 1353 706 cognoscerent.
1411 656 1579 694 Distant

318 722 457 758 autem
487 721 597 760 inter
627 735 669 760 se
700 723 948 760 monasteria
977 722 1075 760 haec
1105 722 1219 760 XIII
1249 722 1378 760 ferme
1407 721 1578 759 milibus

315 798 524 834 passuum.

374 853 528 891 Ferunt
554 855 703 901 autem,
739 855 847 903 quod
879 855 1021 892 eadem
1053 857 1182 901 nocte,
1217 854 1261 891 in
1297 854 1385 902 ipso
1417 865 1579 902 quoque

318 920 579 963 monasterio,
623 920 694 957 ubi
732 920 912 969 praefata
950 921 1026 958 Dei
1064 920 1221 957 famula
1259 919 1370 967 obiit,
1415 919 1578 957 cuidam

317 983 529 1033 uirginum
556 986 642 1023 Deo
669 985 921 1033 denotatum,
954 999 1056 1035 quae
1082 985 1199 1023 illam
1225 985 1416 1023 inmenso
1441 997 1579 1023 amore

317 1049 522 1098 diligebat,
566 1051 702 1088 obitus
748 1050 860 1088 illius
904 1051 949 1088 in
986 1051 1146 1088 uisione
1187 1050 1430 1099 apparuerit,
1474 1062 1577 1099 quae

316 1116 500 1153 animam
526 1116 613 1153 eius
642 1129 735 1153 cum
765 1116 922 1164 angelis
952 1116 1001 1154 ad
1032 1117 1189 1154 caelum
1219 1116 1277 1153 ire
1308 1115 1572 1164 conspexerit,

317 1182 440 1229 atque
466 1181 542 1218 hoc
570 1181 666 1230 ipsa,
692 1195 771 1229 qua
790 1181 946 1219 factum
973 1184 1045 1228 est,
1079 1182 1178 1219 hora
1207 1181 1283 1229 his,
1310 1194 1412 1230 quae
1438 1193 1577 1218 secum

316 1248 443 1294 erant,
486 1246 654 1284 famulis
693 1246 846 1284 Christi
884 1246 1104 1284 manifeste
1142 1247 1382 1294 narrauerit,
1425 1259 1578 1295 easque

314 1311 364 1348 ad
395 1312 596 1349 orandum
626 1325 699 1360 pro
728 1311 867 1349 anima
894 1312 991 1359 eius,
1022 1312 1146 1349 etiam
1175 1312 1415 1361 priusquam
1445 1313 1578 1349 cetera

315 1377 576 1426 congregatio
589 1376 677 1415 eius
693 1377 852 1415 obitum
868 1377 1137 1426 cognouisset,
1158 1377 1409 1415 excitauerit.
1458 1377 1575 1424 Quod

315 1441 372 1479 ita
398 1442 526 1480 fuisse
549 1443 705 1480 factum
732 1456 829 1480 mox
856 1443 1162 1492 congregationi
1188 1456 1310 1480 mane
1333 1442 1439 1480 facto
1460 1442 1576 1479 inno-

314 1507 406 1545 tuit.
468 1508 567 1546 Erat
597 1509 708 1546 enim
737 1508 834 1546 haec
866 1509 954 1557 ipsa
982 1509 1082 1546 hora
1116 1522 1210 1545 cum
1240 1508 1332 1546 aliis
1361 1507 1576 1546 nonnullis

316 1573 471 1611 Christi
491 1574 660 1611 ancellis
683 1574 727 1611 in
752 1575 946 1611 extremis
972 1573 1239 1611 111011351;01·111
1265 1573 1365 1611 10015
1389 1586 1573 1611 5001511111

313 1638 455 1687 posita,
474 1639 544 1677 ubi
561 1652 693 1688 nuper
708 1639 923 1677 uenientes
939 1639 988 1677 ad
1002 1638 1382 1677 0011110153110110111ΔΖ
1396 1638 1574 1676 feminae

312 1703 501 1742 solebant
527 1705 700 1753 probari,
726 1705 852 1742 donec
879 1704 1119 1754 regulariter
1143 1704 1358 1742 institutae
1384 1704 1427 1742 in
1454 1704 1574 1742 socie-

310 1771 441 1807 tatem
462 1770 790 1820 congregationis
811 1770 1122 1820 susciperentur.

681 1914 801 1952 CAP.
836 1913 968 1951 XXII
1003 1911 1198 1965 [XXIV].

408 2015 488 2050 Quod
501 2011 512 2028 3
530 2015 565 2042 in
581 2015 763 2043 monasterio
779 2016 845 2042 eins
854 2014 1072 2049 fueritfrafer,
1092 2015 1142 2042 cui
1157 2016 1273 2043 donum
1289 2015 1421 2043 canendi
1437 2015 1476 2043 sit

767 2067 925 2094 diuinitus
941 2075 1120 2095 concessum.

365 2154 416 2191 IN
445 2154 569 2191 huius
598 2154 847 2191 monasterio
881 2154 1106 2192 abbatissae
1137 2154 1216 2191 fuit
1249 2154 1375 2192 frater
1403 2154 1571 2204 quidam

310 2219 451 2258 diuina
489 2219 617 2268 gratia
655 2219 883 2268 specialiter
921 2219 1104 2268 insignis,
1139 2220 1262 2268 quia*
1300 2220 1483 2258 0311111113
1513 2233 1571 2258 re-

309 2285 454 2334 ligioni
478 2287 518 2322 et
544 2284 685 2334 pietati
714 2286 808 2333 apta
834 2284 964 2322 facere
993 2284 1176 2332 solebat3
1206 2285 1264 2322 ita
1290 2287 1347 2333 ut⁷
1372 2286 1568 2335 quicquid

309 2363 357 2388 ex
390 2350 542 2388 diuinis
575 2350 726 2388 litteris
758 2364 830 2399 per
864 2350 1109 2399 interpretes
1147 2350 1330 2399 disceret,
1367 2351 1444 2389 1100
1481 2351 1573 2401 ipse·

308 2418 400 2466 post
438 2416 640 2464 pusillum
679 2416 815 2454 uerbis
859 2415 1029 2465 poeticis
1066 2416 1247 2453 maxima
1285 2417 1490 2454 suauitate
1527 2418 1567 2455 et

350 2518 360 2536 ¹
386 2520 430 2549 -ri
445 2519 489 2551 M.
584 2518 595 2535 ²
619 2520 887 2550 conuersionem
905 2520 987 2560 03-4
999 2519 1055 2550 &c.
1155 2518 1166 2535 ³
1191 2523 1263 2550 This
1278 2523 1337 2550 title
1352 2522 1380 2551 is
1396 2523 1517 2552 omitted
1532 2524 1568 2552 i‘n

305 2574 352 2603 the
368 2574 505 2609 capitula
520 2573 556 2610 of
567 2572 607 2603 B.
742 2571 752 2588 ⁴
776 2573 839 2611 qui
856 2572 886 2602 N
902 2582 909 2610 3
933 2572 1017 2611 quia
1034 2574 1105 2602 wilh
1122 2575 1168 2603 the
1184 2582 1203 2603 3
1221 2575 1330 2603 deleted
1346 2573 1382 2604 C.
