1803 2887
203 172 281 202 CAP.
300 171 376 201 XVI
392 167 562 208 [XV111].]
610 158 761 202 Gentis
793 158 1062 212 Awylorum.
1374 158 1453 197 241

201 276 391 314 ecclesiae
411 275 540 313 sancti
559 274 734 323 apostoli
753 272 877 320 Petri,
898 274 938 310 et
954 272 1076 310 abbas
1091 271 1329 309 monasterii
1349 271 1458 309 beati

201 341 380 388 Martini,
419 341 490 389 qui
528 353 660 388 nuper
698 340 866 376 uenerat
905 351 927 374 a
960 338 1091 374 Roma
1124 350 1196 386 per
1233 336 1458 374 iussionem

199 419 326 455 papae
348 405 590 454 Agafhonis,
616 405 717 442 duce
746 402 1081 441 reuerentissimo
1111 402 1256 439 abbate
1286 402 1459 450 Biscopo

199 471 443 519 cognomine
464 470 699 516 Benedicto,
724 468 838 506 cuius
858 481 980 516 supra
1000 467 1271 505 meminimus
1287 465 1310 505 ¹.
1354 468 1459 504 Cum

199 537 311 574 enim
332 536 442 574 idem
459 535 708 573 Benedictus
726 533 1020 572 construxisset
1036 532 1335 570 monasterium
1356 532 1462 570 Brit-

199 601 333 640 taniae
366 602 411 638 in
440 602 640 638 honorem
672 599 899 637 beatissimi
929 599 1209 648 apostolorum
1247 598 1456 647 principis,

200 667 313 705 iuxta
352 667 505 704 ostium
549 665 736 703 fluminis
778 663 939 711 Uiuri²‚
983 664 1100 701 uenit
1142 664 1316 702 Romam
1366 677 1460 701 cum

200 734 456 781 cooperatore
477 745 521 768 ac
541 731 649 769 socio
674 731 859 768 eiusdem
882 730 1014 779 operis
1037 730 1253 777 Ceolfrido,
1279 730 1349 778 qui
1370 731 1462 778 post

200 798 336 847 ipsum
370 797 552 835 eiusdem
587 795 824 834 monasterii
858 795 982 832 abbas
1019 795 1110 842 fuit,
1149 795 1256 844 quod
1292 797 1332 832 et
1366 797 1462 832 ante

202 863 339 912 sepius
368 863 498 900 facere
532 863 809 908 consueuerat,
848 863 971 909 atque
1004 860 1230 898 honorifice
1268 874 1290 898 a
1323 861 1462 898 beatae

200 928 421 966 memoriae
449 940 552 976 papa
580 927 802 976 Agathone
831 928 1045 975 susceptus
1074 929 1164 973 est3
1193 926 1394 975 petiitque
1423 929 1462 963 et

200 994 353 1043 accepit
385 993 434 1030 ab
465 1006 522 1041 eo,
553 993 597 1030 in
630 992 941 1029 munimentum
971 991 1175 1029 libertatis
1204 992 1458 1039 monasterii,

201 1059 308 1107 quod
328 1059 486 1105 fecerat,
512 1057 732 1106 epistulam
753 1057 959 1107 priuilegii
981 1071 1029 1094 ex
1049 1058 1289 1095 auctoritate
1309 1060 1465 1106 aposto-

201 1124 278 1162 lica
303 1124 537 1171 firmatam;
567 1123 681 1160 iuxta
710 1123 818 1172 quod
845 1123 1087 1172 Ecgfridum
1116 1136 1257 1172 regem
1284 1122 1464 1160 uoluisse

202 1203 246 1227 ac
266 1189 473 1227 licentiam
495 1188 656 1226 dedisse
677 1190 856 1235 nouerat,
883 1202 962 1237 quo
983 1189 1231 1226 concedente
1252 1191 1291 1226 et
1311 1202 1464 1237 posses-

202 1255 362 1293 sionem
382 1257 512 1292 terrae
532 1254 744 1303 largiente,
769 1253 906 1303 ipsum
927 1254 1226 1292 monasterium
1246 1254 1406 1292 fecerat.

256 1319 427 1368 Accepit
448 1321 488 1357 et
504 1319 735 1368 praefat-um
756 1320 988 1357 Iohannem
1004 1319 1196 1357 abbatem
1214 1319 1465 1358 Brittaniam

202 1385 541 1435 perducendum3
580 1387 783 1434 quatenus
824 1384 869 1422 in
904 1385 1152 1423 monasterio
1192 1398 1265 1422 suo
1300 1399 1465 1423 cursum

203 1451 374 1489 canendi
408 1464 609 1498 annuum,
646 1451 752 1488 sicut
790 1452 839 1489 ad
878 1453 1067 1489 sanctum
1106 1452 1279 1488 Petrum
1314 1452 1467 1489 Romae

204 1517 408 1566 agebatur,
448 1517 660 1563 edoceret;
689 1517 853 1566 egitque
886 1517 990 1554 abba
1022 1516 1242 1564 Iohannes,
1282 1519 1327 1554 ut
1354 1517 1468 1554 iussi-

205 1595 326 1620 onem
349 1584 553 1631 acceperat
577 1582 794 1631 pontificis,
820 1585 860 1620 et
890 1582 1076 1620 ordinem
1097 1582 1301 1630 uidelicet,
1325 1582 1468 1620 ritum-

205 1662 283 1698 que
304 1649 477 1686 canendi
503 1662 548 1686 ac
577 1649 740 1698 legendi
769 1649 865 1686 uiua
897 1661 997 1686 uoce
1025 1648 1198 1697 praefati
1228 1648 1468 1686 monasterii

206 1715 417 1752 cantores3
441 1715 656 1761 edocendo,
683 1716 721 1752 et
747 1727 801 1761 ea,
828 1727 931 1763 quae
956 1714 1083 1752 totius
1107 1714 1207 1751 anni
1227 1714 1404 1752 circulus
1424 1714 1467 1751 in

205 1779 476 1817 celebratione
510 1780 669 1817 dierum
701 1781 899 1818 festorum
927 1779 1127 1828 poscebat,
1166 1779 1290 1817 etiam
1318 1779 1469 1817 litteris

205 1845 439 1883 mandando
458 1860 465 1893 ;
488 1859 590 1894 quae
604 1846 802 1884 hactenus
815 1845 859 1882 in
873 1846 1016 1883 eodem
1029 1845 1280 1882 monasterio
1293 1847 1464 1893 seruata,

204 1912 245 1948 et
265 1924 287 1948 a
306 1911 458 1948 multis
478 1911 561 1948 iam
585 1914 683 1949 sunt
705 1911 1020 1960 circumquaque
1046 1911 1322 1960 transscripta.
1374 1912 1470 1949 Non

205 1977 341 2014 solum
368 1978 506 2014 autem
532 1977 643 2015 idem
671 1977 880 2014 Iohannes
907 1976 1037 2025 ipsius
1063 1977 1303 2014 monasterii
1325 1977 1471 2015 fratres

205 2042 384 2089 docebat,
419 2055 563 2080 uerum
594 2043 644 2080 de
671 2042 865 2080 omnibus
895 2055 999 2091 pene
1026 2041 1211 2079 eiusdem
1237 2042 1471 2091 prouinciae

207 2107 466 2144 monasteriis
509 2108 558 2145 ad
592 2108 844 2145 audiendum
879 2122 984 2157 eum,
1024 2107 1093 2155 qui
1128 2109 1322 2146 cantandi
1356 2110 1472 2146 erant

208 2172 340 2221 periti,
367 2173 638 2211 confluebant.
701 2174 779 2211 Sed
802 2176 841 2211 et
868 2174 1005 2223 ipsum
1033 2188 1106 2224 per
1129 2175 1225 2223 loca7
1250 2174 1294 2211 in
1323 2174 1474 2223 quibus

213 2238 382 2286 doceret,
406 2238 530 2275 multi
551 2239 728 2276 inuitare
748 2239 953 2278 curabant,

268 2303 361 2352 Ipse
396 2306 533 2341 autem
568 2307 733 2353 excepto
768 2305 961 2343 cantandi
994 2306 1062 2343 uel
1091 2306 1255 2355 legendi
1287 2319 1469 2349 munere,

211 2370 252 2406 et
280 2368 391 2406 aliud
417 2369 462 2406 in
484 2370 690 2407 mandatis
716 2370 766 2408 ab
793 2371 1015 2419 apostolico
1042 2384 1146 2420 papa
1171 2373 1388 2420 acceperat,
1413 2374 1469 2420 ut,

213 2433 328 2471 cuius
348 2436 454 2472 esset
470 2434 566 2472 fidei
581 2435 817 2485 Anglorum
833 2437 1010 2485 ecclesia,
1032 2437 1253 2486 diligenter
1267 2438 1459 2475 edisceret

1464 2470 1470 2484 7

257 2540 269 2559 ¹
293 2541 394 2571 cuius
411 2566 418 2572 .
446 2566 452 2572 .
482 2565 489 2572 .
506 2544 652 2573 memin.
672 2554 728 2574 om.
750 2544 784 2574 C.
801 2544 866 2575 W’.
883 2544 948 2586 01¹,
968 2547 1214 2582 wzclerlineclsor
1228 2548 1351 2577 de‘etc'on
1369 2549 1405 2583 by
1420 2545 1472 2582 13²,

212 2605 270 2626 om.
285 2595 353 2625 AS.
372 2595 413 2627 D.
431 2595 522 2636 03-5.
542 2596 597 2627 320.
688 2596 701 2615 2
725 2598 821 2628 uuiri
839 2598 875 2629 C.
968 2598 979 2614 ³
1002 2600 1194 2630 cantatoris
1210 2600 1252 2631 N.

830 2664 856 2688 R

1484 281 1528 308 St.
1546 280 1667 307 Petam:

1484 321 1593 347 Rome.

1497 2311 1547 2339 He
1562 2315 1688 2346 reports

1497 2360 1540 2378 on
1555 2351 1612 2378 the.

1497 2391 1680 2423 orthodoxy

1497 2430 1533 2457 of
1543 2431 1602 2457 the

1497 2469 1634 2504 English

1498 2509 1639 2537 Church.
