<?xml version="1.0" encoding="UTF-8"?>
<!DOCTYPE html PUBLIC "-//W3C//DTD XHTML 1.0 Transitional//EN"
    "http://www.w3.org/TR/xhtml1/DTD/xhtml1-transitional.dtd">
<html xmlns="http://www.w3.org/1999/xhtml" xml:lang="en" lang="en">
 <head>
  <title>
</title>
<meta http-equiv="Content-Type" content="text/html;charset=utf-8" />
  <meta name='ocr-system' content='tesseract 3.04.00' />
  <meta name='ocr-capabilities' content='ocr_page ocr_carea ocr_par ocr_line ocrx_word'/>
</head>
<body>
  <div class='ocr_page' id='page_1' title='image "./venerabilisbaeda00bedeuoft_0338.png"; bbox 0 0 1803 2887; ppageno 0'>
   <div class='ocr_carea' id='block_1_1' title="bbox 273 162 1523 216">
    <p class='ocr_par' dir='ltr' id='par_1_1' title="bbox 273 162 1523 216">
     <span class='ocr_line' id='line_1_1' title="bbox 273 162 1523 216; baseline 0.001 -14"><span class='ocrx_word' id='word_1_1' title='bbox 273 163 355 202; x_wconf 80' lang='lat'>148</span> <span class='ocrx_word' id='word_1_2' title='bbox 626 163 677 204; x_wconf 88' lang='grc' dir='ltr'><em>Η</em></span> <span class='ocrx_word' id='word_1_3' title='bbox 679 163 831 205; x_wconf 71' lang='lat' dir='ltr'>istoria,</span> <span class='ocrx_word' id='word_1_4' title='bbox 864 162 1167 205; x_wconf 64' lang='lat' dir='ltr'>Ecclesiastiea</span> <span class='ocrx_word' id='word_1_5' title='bbox 1360 163 1447 216; x_wconf 77' lang='lat' dir='ltr'>[Lm.</span> <span class='ocrx_word' id='word_1_6' title='bbox 1464 171 1523 203; x_wconf 89' lang='lat'>111.</span> 
     </span>
    </p>
   </div>
   <div class='ocr_carea' id='block_1_2' title="bbox 39 278 1652 2421">
    <p class='ocr_par' dir='ltr' id='par_1_2' title="bbox 39 278 1652 2421">
     <span class='ocr_line' id='line_1_2' title="bbox 271 278 1525 328; baseline 0 -13"><span class='ocrx_word' id='word_1_7' title='bbox 271 291 359 316; x_wconf 83' lang='lat' dir='ltr'>ossa</span> <span class='ocrx_word' id='word_1_8' title='bbox 394 278 480 316; x_wconf 85' lang='lat' dir='ltr'>eius</span> <span class='ocrx_word' id='word_1_9' title='bbox 514 279 694 326; x_wconf 83' lang='lat' dir='ltr'>inuenta,</span> <span class='ocrx_word' id='word_1_10' title='bbox 731 281 853 328; x_wconf 87' lang='lat' dir='ltr'>atque</span> <span class='ocrx_word' id='word_1_11' title='bbox 883 280 932 317; x_wconf 80' lang='lat' dir='ltr'>ad</span> <span class='ocrx_word' id='word_1_12' title='bbox 967 278 1187 326; x_wconf 86' lang='lat' dir='ltr'>ecclesiam,</span> <span class='ocrx_word' id='word_1_13' title='bbox 1223 278 1267 315; x_wconf 88' lang='lat' dir='ltr'>in</span> <span class='ocrx_word' id='word_1_14' title='bbox 1299 291 1377 327; x_wconf 82' lang='lat' dir='ltr'>qua</span> <span class='ocrx_word' id='word_1_15' title='bbox 1415 290 1525 315; x_wconf 87' lang='lat' dir='ltr'>nunc</span> 
     </span>
     <span class='ocr_line' id='line_1_3' title="bbox 270 344 1526 391; baseline 0 -11"><span class='ocrx_word' id='word_1_16' title='bbox 270 346 494 391; x_wconf 81' lang='lat' dir='ltr'>seruantur,</span> <span class='ocrx_word' id='word_1_17' title='bbox 518 344 714 382; x_wconf 81' lang='lat' dir='ltr'>translata</span> <span class='ocrx_word' id='word_1_18' title='bbox 734 346 841 382; x_wconf 89' lang='lat' dir='ltr'>sunt.</span> <span class='ocrx_word' id='word_1_19' title='bbox 908 345 1077 382; x_wconf 81' lang='lat' dir='ltr'>Factum</span> <span class='ocrx_word' id='word_1_20' title='bbox 1098 345 1158 381; x_wconf 84' lang='lat' dir='ltr'>est</span> <span class='ocrx_word' id='word_1_21' title='bbox 1184 345 1321 381; x_wconf 83' lang='lat' dir='ltr'>autem</span> <span class='ocrx_word' id='word_1_22' title='bbox 1350 344 1426 380; x_wconf 88' lang='lat' dir='ltr'>hoc</span> <span class='ocrx_word' id='word_1_23' title='bbox 1454 356 1526 391; x_wconf 89' lang='lat' dir='ltr'>per</span> 
     </span>
     <span class='ocr_line' id='line_1_4' title="bbox 270 409 1525 459; baseline -0.001 -13"><span class='ocrx_word' id='word_1_24' title='bbox 270 409 519 446; x_wconf 72' lang='lat' dir='ltr'>industriam</span> <span class='ocrx_word' id='word_1_25' title='bbox 548 409 712 458; x_wconf 79' lang='lat' dir='ltr'>reginae</span> <span class='ocrx_word' id='word_1_26' title='bbox 738 409 982 447; x_wconf 88' lang='lat' dir='ltr'>Merciorum</span> <span class='ocrx_word' id='word_1_27' title='bbox 1007 409 1240 459; x_wconf 83' lang='lat' dir='ltr'>Osthrydae</span> <span class='ocrx_word' id='word_1_28' title='bbox 1258 409 1275 456; x_wconf 86' lang='lat'>¹,</span> <span class='ocrx_word' id='word_1_29' title='bbox 1310 422 1412 458; x_wconf 88' lang='lat' dir='ltr'>quae</span> <span class='ocrx_word' id='word_1_30' title='bbox 1440 409 1525 446; x_wconf 86' lang='lat' dir='ltr'>erat</span> 
     </span>
     <span class='ocr_line' id='line_1_5' title="bbox 271 473 1525 524; baseline 0 -13"><span class='ocrx_word' id='word_1_31' title='bbox 271 474 356 512; x_wconf 83' lang='lat' dir='ltr'>filia</span> <span class='ocrx_word' id='word_1_32' title='bbox 389 475 525 513; x_wconf 84' lang='lat' dir='ltr'>fratris</span> <span class='ocrx_word' id='word_1_33' title='bbox 560 475 656 523; x_wconf 79' lang='lat' dir='ltr'>eius,</span> <span class='ocrx_word' id='word_1_34' title='bbox 694 475 734 512; x_wconf 86' lang='lat' dir='ltr'>id</span> <span class='ocrx_word' id='word_1_35' title='bbox 769 477 829 513; x_wconf 88' lang='lat' dir='ltr'>est</span> <span class='ocrx_word' id='word_1_36' title='bbox 861 475 1000 521; x_wconf 80' lang='lat' dir='ltr'>Osuiu⁷</span> <span class='ocrx_word' id='word_1_37' title='bbox 1037 475 1106 524; x_wconf 89' lang='lat' dir='ltr'>qui</span> <span class='ocrx_word' id='word_1_38' title='bbox 1136 476 1227 524; x_wconf 85' lang='lat' dir='ltr'>post</span> <span class='ocrx_word' id='word_1_39' title='bbox 1260 474 1380 512; x_wconf 90' lang='lat' dir='ltr'>illum</span> <span class='ocrx_word' id='word_1_40' title='bbox 1409 473 1525 523; x_wconf 83' lang='lat' dir='ltr'>regni</span> 
     </span>
     <span class='ocr_line' id='line_1_6' title="bbox 271 540 1259 589; baseline 0.002 -13"><span class='ocrx_word' id='word_1_41' title='bbox 271 540 426 588; x_wconf 77' lang='lat' dir='ltr'>apicem</span> <span class='ocrx_word' id='word_1_42' title='bbox 447 540 622 587; x_wconf 81' lang='lat' dir='ltr'>tenebat,</span> <span class='ocrx_word' id='word_1_43' title='bbox 647 542 693 578; x_wconf 87' lang='lat' dir='ltr'>ut</span> <span class='ocrx_word' id='word_1_44' title='bbox 716 540 760 577; x_wconf 90' lang='lat' dir='ltr'>in</span> <span class='ocrx_word' id='word_1_45' title='bbox 781 540 1048 589; x_wconf 71' lang='lat' dir='ltr'>sequentibus</span> <span class='ocrx_word' id='word_1_46' title='bbox 1068 540 1259 578; x_wconf 78' lang='lat' dir='ltr'>dicemus.</span> 
     </span>
     <span class='ocr_line' id='line_1_7' title="bbox 42 604 1524 654; baseline 0.001 -14"><span class='ocrx_word' id='word_1_47' title='bbox 42 614 194 641; x_wconf 70' lang='lat' dir='ltr'>Oswald&#39;s</span> <span class='ocrx_word' id='word_1_48' title='bbox 326 607 399 643; x_wconf 83' lang='lat' dir='ltr'>Est</span> <span class='ocrx_word' id='word_1_49' title='bbox 438 606 735 643; x_wconf 87' lang='lat' dir='ltr'>monasterium</span> <span class='ocrx_word' id='word_1_50' title='bbox 783 606 919 643; x_wconf 90' lang='lat' dir='ltr'>nobile</span> <span class='ocrx_word' id='word_1_51' title='bbox 961 605 1004 642; x_wconf 87' lang='lat' dir='ltr'>in</span> <span class='ocrx_word' id='word_1_52' title='bbox 1048 605 1259 654; x_wconf 86' lang='lat' dir='ltr'>prouincia</span> <span class='ocrx_word' id='word_1_53' title='bbox 1305 604 1486 642; x_wconf 84' lang='lat' dir='ltr'>Lindissi</span> <span class='ocrx_word' id='word_1_54' title='bbox 1500 604 1524 649; x_wconf 79' lang='lat'>²,</span> 
     </span>
     <span class='ocr_line' id='line_1_8' title="bbox 41 653 1524 720; baseline 0.001 -13"><span class='ocrx_word' id='word_1_55' title='bbox 41 653 221 719; x_wconf 41' lang='lat' dir='ltr'>&amp;3313th</span> <span class='ocrx_word' id='word_1_56' title='bbox 271 671 440 708; x_wconf 87' lang='lat' dir='ltr'>nomine</span> <span class='ocrx_word' id='word_1_57' title='bbox 461 672 700 709; x_wconf 77' lang='lat' dir='ltr'>Beardaneu</span> <span class='ocrx_word' id='word_1_58' title='bbox 717 672 740 719; x_wconf 69' lang='lat'>³,</span> <span class='ocrx_word' id='word_1_59' title='bbox 766 672 873 720; x_wconf 86' lang='lat' dir='ltr'>quod</span> <span class='ocrx_word' id='word_1_60' title='bbox 901 672 1040 709; x_wconf 87' lang='lat' dir='ltr'>eadem</span> <span class='ocrx_word' id='word_1_61' title='bbox 1062 672 1201 720; x_wconf 82' lang='lat' dir='ltr'>regina</span> <span class='ocrx_word' id='word_1_62' title='bbox 1221 684 1315 709; x_wconf 87' lang='lat' dir='ltr'>cum</span> <span class='ocrx_word' id='word_1_63' title='bbox 1341 670 1430 708; x_wconf 85' lang='lat' dir='ltr'>uiro</span> <span class='ocrx_word' id='word_1_64' title='bbox 1451 683 1524 708; x_wconf 87' lang='lat' dir='ltr'>suo</span> 
     </span>
     <span class='ocr_line' id='line_1_9' title="bbox 39 732 1520 791; baseline 0 -19"><span class='ocrx_word' id='word_1_65' title='bbox 39 732 242 765; x_wconf 69' lang='lat' dir='ltr'>toBardney.</span> <span class='ocrx_word' id='word_1_66' title='bbox 268 735 515 775; x_wconf 81' lang='lat' dir='ltr'>Aedilredo⁴</span> <span class='ocrx_word' id='word_1_67' title='bbox 542 737 724 775; x_wconf 89' lang='lat' dir='ltr'>multum</span> <span class='ocrx_word' id='word_1_68' title='bbox 754 737 958 786; x_wconf 81' lang='lat' dir='ltr'>diligebat,</span> <span class='ocrx_word' id='word_1_69' title='bbox 990 736 1269 783; x_wconf 72' lang='lat' dir='ltr'>uenerabatur‚</span> <span class='ocrx_word' id='word_1_70' title='bbox 1304 735 1520 791; x_wconf 80' lang='lat' dir='ltr'>excolebat,</span> 
     </span>
     <span class='ocr_line' id='line_1_10' title="bbox 269 792 1520 851; baseline 0.001 -14"><span class='ocrx_word' id='word_1_71' title='bbox 269 800 313 837; x_wconf 92' lang='lat' dir='ltr'>in</span> <span class='ocrx_word' id='word_1_72' title='bbox 335 815 414 849; x_wconf 90' lang='lat' dir='ltr'>quo</span> <span class='ocrx_word' id='word_1_73' title='bbox 431 801 687 840; x_wconf 70' lang='lat' dir='ltr'>desiderabat</span> <span class='ocrx_word' id='word_1_74' title='bbox 704 803 942 840; x_wconf 84' lang='lat' dir='ltr'>honoranda</span> <span class='ocrx_word' id='word_1_75' title='bbox 957 801 1092 851; x_wconf 86' lang='lat' dir='ltr'>patrui</span> <span class='ocrx_word' id='word_1_76' title='bbox 1108 802 1171 839; x_wconf 84' lang='lat' dir='ltr'>sui</span> <span class='ocrx_word' id='word_1_77' title='bbox 1187 815 1276 839; x_wconf 84' lang='lat' dir='ltr'>ossa</span> <span class='ocrx_word' id='word_1_78' title='bbox 1291 792 1520 840; x_wconf 83' lang='lat' dir='ltr'>recondere.</span> 
     </span>
     <span class='ocr_line' id='line_1_11' title="bbox 270 866 1525 916; baseline 0.001 -12"><span class='ocrx_word' id='word_1_79' title='bbox 270 866 457 915; x_wconf 84' lang='lat' dir='ltr'>Cumque</span> <span class='ocrx_word' id='word_1_80' title='bbox 485 868 666 905; x_wconf 82' lang='lat' dir='ltr'>uenisset</span> <span class='ocrx_word' id='word_1_81' title='bbox 697 881 869 915; x_wconf 69' lang='lat' dir='ltr'>carrum,</span> <span class='ocrx_word' id='word_1_82' title='bbox 903 868 946 905; x_wconf 90' lang='lat' dir='ltr'>in</span> <span class='ocrx_word' id='word_1_83' title='bbox 986 881 1065 916; x_wconf 85' lang='lat' dir='ltr'>quo</span> <span class='ocrx_word' id='word_1_84' title='bbox 1104 867 1245 905; x_wconf 79' lang='lat' dir='ltr'>eadem</span> <span class='ocrx_word' id='word_1_85' title='bbox 1284 881 1374 905; x_wconf 80' lang='lat' dir='ltr'>ossa</span> <span class='ocrx_word' id='word_1_86' title='bbox 1407 868 1525 906; x_wconf 81' lang='lat' dir='ltr'>duee-</span> 
     </span>
     <span class='ocr_line' id='line_1_12' title="bbox 267 932 1526 982; baseline 0.001 -13"><span class='ocrx_word' id='word_1_87' title='bbox 267 932 428 980; x_wconf 67' lang='lat' dir='ltr'>bantur,</span> <span class='ocrx_word' id='word_1_88' title='bbox 466 933 731 971; x_wconf 72' lang='lat' dir='ltr'>incumbente</span> <span class='ocrx_word' id='word_1_89' title='bbox 773 946 951 982; x_wconf 72' lang='lat' dir='ltr'>uespera,</span> <span class='ocrx_word' id='word_1_90' title='bbox 995 933 1038 970; x_wconf 90' lang='lat' dir='ltr'>in</span> <span class='ocrx_word' id='word_1_91' title='bbox 1080 933 1376 970; x_wconf 84' lang='lat' dir='ltr'>monasterium</span> <span class='ocrx_word' id='word_1_92' title='bbox 1420 946 1526 982; x_wconf 84' lang='lat' dir='ltr'>prae-</span> 
     </span>
     <span class='ocr_line' id='line_1_13' title="bbox 268 998 1525 1048; baseline 0.001 -13"><span class='ocrx_word' id='word_1_93' title='bbox 268 999 412 1045; x_wconf 79' lang='lat' dir='ltr'>fatum,</span> <span class='ocrx_word' id='word_1_94' title='bbox 437 998 661 1036; x_wconf 89' lang='lat' dir='ltr'>noluerunt</span> <span class='ocrx_word' id='word_1_95' title='bbox 682 1012 736 1046; x_wconf 78' lang='lat' dir='ltr'>ea,</span> <span class='ocrx_word' id='word_1_96' title='bbox 762 999 833 1048; x_wconf 84' lang='lat' dir='ltr'>qui</span> <span class='ocrx_word' id='word_1_97' title='bbox 859 1000 973 1035; x_wconf 81' lang='lat' dir='ltr'>erant</span> <span class='ocrx_word' id='word_1_98' title='bbox 1001 998 1045 1035; x_wconf 90' lang='lat' dir='ltr'>in</span> <span class='ocrx_word' id='word_1_99' title='bbox 1066 998 1326 1046; x_wconf 71' lang='lat' dir='ltr'>monasterio,</span> <span class='ocrx_word' id='word_1_100' title='bbox 1351 999 1525 1036; x_wconf 83' lang='lat' dir='ltr'>libenter</span> 
     </span>
     <span class='ocr_line' id='line_1_14' title="bbox 268 1062 1521 1112; baseline 0.002 -13"><span class='ocrx_word' id='word_1_101' title='bbox 268 1062 477 1111; x_wconf 80' lang='lat' dir='ltr'>excipere;</span> <span class='ocrx_word' id='word_1_102' title='bbox 519 1063 613 1112; x_wconf 84' lang='lat' dir='ltr'>quia</span> <span class='ocrx_word' id='word_1_103' title='bbox 652 1063 727 1101; x_wconf 82' lang='lat' dir='ltr'>etsi</span> <span class='ocrx_word' id='word_1_104' title='bbox 764 1065 951 1100; x_wconf 87' lang='lat' dir='ltr'>sanctum</span> <span class='ocrx_word' id='word_1_105' title='bbox 991 1076 1084 1100; x_wconf 88' lang='lat' dir='ltr'>eum</span> <span class='ocrx_word' id='word_1_106' title='bbox 1123 1065 1334 1110; x_wconf 79' lang='lat' dir='ltr'>nouerant,</span> <span class='ocrx_word' id='word_1_107' title='bbox 1371 1065 1521 1111; x_wconf 82' lang='lat' dir='ltr'>tamen,</span> 
     </span>
     <span class='ocr_line' id='line_1_15' title="bbox 267 1128 1525 1178; baseline 0.002 -13"><span class='ocrx_word' id='word_1_108' title='bbox 267 1128 361 1177; x_wconf 81' lang='lat' dir='ltr'>quia</span> <span class='ocrx_word' id='word_1_109' title='bbox 381 1129 430 1166; x_wconf 90' lang='lat' dir='ltr'>de</span> <span class='ocrx_word' id='word_1_110' title='bbox 449 1129 528 1167; x_wconf 82' lang='lat' dir='ltr'>alia</span> <span class='ocrx_word' id='word_1_111' title='bbox 547 1129 757 1177; x_wconf 78' lang='lat' dir='ltr'>prouincia</span> <span class='ocrx_word' id='word_1_112' title='bbox 777 1130 892 1170; x_wconf 79' lang='lat' dir='ltr'>ortus</span> <span class='ocrx_word' id='word_1_113' title='bbox 912 1128 1053 1175; x_wconf 84' lang='lat' dir='ltr'>fuerat,</span> <span class='ocrx_word' id='word_1_114' title='bbox 1078 1130 1116 1166; x_wconf 87' lang='lat' dir='ltr'>et</span> <span class='ocrx_word' id='word_1_115' title='bbox 1131 1142 1251 1177; x_wconf 82' lang='lat' dir='ltr'>super</span> <span class='ocrx_word' id='word_1_116' title='bbox 1266 1142 1332 1166; x_wconf 85' lang='lat' dir='ltr'>eos</span> <span class='ocrx_word' id='word_1_117' title='bbox 1352 1143 1525 1178; x_wconf 81' lang='lat' dir='ltr'>regnum</span> 
     </span>
     <span class='ocr_line' id='line_1_16' title="bbox 265 1184 1526 1243; baseline 0.001 -12"><span class='ocrx_word' id='word_1_118' title='bbox 265 1196 480 1243; x_wconf 76' lang='lat' dir='ltr'>acceperat,</span> <span class='ocrx_word' id='word_1_119' title='bbox 516 1195 723 1232; x_wconf 85' lang='lat' dir='ltr'>ueteranis</span> <span class='ocrx_word' id='word_1_120' title='bbox 752 1208 846 1231; x_wconf 90' lang='lat' dir='ltr'>eum</span> <span class='ocrx_word' id='word_1_121' title='bbox 881 1194 986 1232; x_wconf 81' lang='lat' dir='ltr'>odiis</span> <span class='ocrx_word' id='word_1_122' title='bbox 1020 1184 1144 1232; x_wconf 86' lang='lat' dir='ltr'>etiam</span> <span class='ocrx_word' id='word_1_123' title='bbox 1177 1197 1389 1233; x_wconf 86' lang='lat' dir='ltr'>mortuum</span> <span class='ocrx_word' id='word_1_124' title='bbox 1424 1195 1526 1232; x_wconf 86' lang='lat' dir='ltr'>inse-</span> 
     </span>
     <span class='ocr_line' id='line_1_17' title="bbox 266 1250 1526 1309; baseline 0.002 -13"><span class='ocrx_word' id='word_1_125' title='bbox 266 1260 504 1308; x_wconf 82' lang='lat' dir='ltr'>quebantur.</span> <span class='ocrx_word' id='word_1_126' title='bbox 556 1250 690 1298; x_wconf 35' lang='lat' dir='ltr'>&#39;Unde</span> <span class='ocrx_word' id='word_1_127' title='bbox 715 1260 868 1297; x_wconf 84' lang='lat' dir='ltr'>factum</span> <span class='ocrx_word' id='word_1_128' title='bbox 898 1262 969 1307; x_wconf 83' lang='lat' dir='ltr'>est,</span> <span class='ocrx_word' id='word_1_129' title='bbox 998 1262 1043 1297; x_wconf 91' lang='lat' dir='ltr'>ut</span> <span class='ocrx_word' id='word_1_130' title='bbox 1069 1260 1155 1308; x_wconf 82' lang='lat' dir='ltr'>ipsa</span> <span class='ocrx_word' id='word_1_131' title='bbox 1184 1262 1303 1297; x_wconf 88' lang='lat' dir='ltr'>nocte</span> <span class='ocrx_word' id='word_1_132' title='bbox 1329 1260 1526 1309; x_wconf 78' lang='lat' dir='ltr'>reliquiae</span> 
     </span>
     <span class='ocr_line' id='line_1_18' title="bbox 265 1325 1526 1374; baseline 0.001 -12"><span class='ocrx_word' id='word_1_133' title='bbox 265 1326 423 1363; x_wconf 78' lang='lat' dir='ltr'>adlatae</span> <span class='ocrx_word' id='word_1_134' title='bbox 470 1326 568 1363; x_wconf 73' lang='lat' dir='ltr'>foris</span> <span class='ocrx_word' id='word_1_135' title='bbox 606 1327 904 1374; x_wconf 78' lang='lat' dir='ltr'>permanerent,</span> <span class='ocrx_word' id='word_1_136' title='bbox 947 1325 1124 1363; x_wconf 87' lang='lat' dir='ltr'>tentorio</span> <span class='ocrx_word' id='word_1_137' title='bbox 1162 1327 1326 1363; x_wconf 85' lang='lat' dir='ltr'>tantum</span> <span class='ocrx_word' id='word_1_138' title='bbox 1373 1326 1526 1363; x_wconf 84' lang='lat' dir='ltr'>maiore</span> 
     </span>
     <span class='ocr_line' id='line_1_19' title="bbox 265 1390 1523 1440; baseline -0.001 -11"><span class='ocrx_word' id='word_1_139' title='bbox 265 1405 389 1439; x_wconf 81' lang='lat' dir='ltr'>supra</span> <span class='ocrx_word' id='word_1_140' title='bbox 417 1404 588 1439; x_wconf 80' lang='lat' dir='ltr'>carrum,</span> <span class='ocrx_word' id='word_1_141' title='bbox 614 1391 658 1428; x_wconf 88' lang='lat' dir='ltr'>in</span> <span class='ocrx_word' id='word_1_142' title='bbox 685 1405 764 1440; x_wconf 88' lang='lat' dir='ltr'>quo</span> <span class='ocrx_word' id='word_1_143' title='bbox 794 1391 966 1438; x_wconf 78' lang='lat' dir='ltr'>inerant,</span> <span class='ocrx_word' id='word_1_144' title='bbox 993 1393 1169 1429; x_wconf 80' lang='lat' dir='ltr'>extenso.</span> <span class='ocrx_word' id='word_1_145' title='bbox 1231 1391 1310 1428; x_wconf 82' lang='lat' dir='ltr'>Sed</span> <span class='ocrx_word' id='word_1_146' title='bbox 1337 1390 1523 1429; x_wconf 81' lang='lat' dir='ltr'>miraculi</span> 
     </span>
     <span class='ocr_line' id='line_1_20' title="bbox 264 1456 1521 1506; baseline 0 -12"><span class='ocrx_word' id='word_1_147' title='bbox 264 1457 448 1495; x_wconf 82' lang='lat' dir='ltr'>caelestis</span> <span class='ocrx_word' id='word_1_148' title='bbox 478 1457 665 1503; x_wconf 73' lang='lat' dir='ltr'>ostensio,</span> <span class='ocrx_word' id='word_1_149' title='bbox 700 1470 822 1505; x_wconf 84' lang='lat' dir='ltr'>quam</span> <span class='ocrx_word' id='word_1_150' title='bbox 853 1458 1086 1494; x_wconf 88' lang='lat' dir='ltr'>reuerenter</span> <span class='ocrx_word' id='word_1_151' title='bbox 1117 1456 1211 1493; x_wconf 81' lang='lat' dir='ltr'>eae⁵</span> <span class='ocrx_word' id='word_1_152' title='bbox 1241 1456 1521 1506; x_wconf 77' lang='lat' dir='ltr'>suscipiendae</span> 
     </span>
     <span class='ocr_line' id='line_1_21' title="bbox 263 1521 1521 1571; baseline 0.001 -12"><span class='ocrx_word' id='word_1_153' title='bbox 263 1535 285 1559; x_wconf 87' lang='lat' dir='ltr'>a</span> <span class='ocrx_word' id='word_1_154' title='bbox 306 1522 463 1560; x_wconf 82' lang='lat' dir='ltr'>cunctis</span> <span class='ocrx_word' id='word_1_155' title='bbox 484 1522 673 1560; x_wconf 87' lang='lat' dir='ltr'>fidelibus</span> <span class='ocrx_word' id='word_1_156' title='bbox 690 1524 834 1569; x_wconf 76' lang='lat' dir='ltr'>essent,</span> <span class='ocrx_word' id='word_1_157' title='bbox 860 1522 1060 1571; x_wconf 76' lang='lat' dir='ltr'>patefecit.</span> <span class='ocrx_word' id='word_1_158' title='bbox 1111 1521 1218 1559; x_wconf 87' lang='lat' dir='ltr'>Nam</span> <span class='ocrx_word' id='word_1_159' title='bbox 1238 1523 1324 1560; x_wconf 78' lang='lat' dir='ltr'>tota</span> <span class='ocrx_word' id='word_1_160' title='bbox 1343 1535 1388 1559; x_wconf 82' lang='lat' dir='ltr'>ea</span> <span class='ocrx_word' id='word_1_161' title='bbox 1403 1523 1521 1560; x_wconf 89' lang='lat' dir='ltr'>nocte</span> 
     </span>
     <span class='ocr_line' id='line_1_22' title="bbox 264 1587 1516 1636; baseline 0.001 -12"><span class='ocrx_word' id='word_1_162' title='bbox 264 1588 454 1625; x_wconf 78' lang='lat' dir='ltr'>columna</span> <span class='ocrx_word' id='word_1_163' title='bbox 483 1588 586 1625; x_wconf 78' lang='lat' dir='ltr'>lucis</span> <span class='ocrx_word' id='word_1_164' title='bbox 615 1601 638 1625; x_wconf 85' lang='lat' dir='ltr'>a</span> <span class='ocrx_word' id='word_1_165' title='bbox 662 1601 772 1625; x_wconf 78' lang='lat' dir='ltr'>carro</span> <span class='ocrx_word' id='word_1_166' title='bbox 798 1587 871 1625; x_wconf 89' lang='lat' dir='ltr'>illo</span> <span class='ocrx_word' id='word_1_167' title='bbox 901 1588 950 1625; x_wconf 85' lang='lat' dir='ltr'>ad</span> <span class='ocrx_word' id='word_1_168' title='bbox 981 1588 1137 1625; x_wconf 81' lang='lat' dir='ltr'>caelum</span> <span class='ocrx_word' id='word_1_169' title='bbox 1165 1601 1294 1636; x_wconf 78' lang='lat' dir='ltr'>usque</span> <span class='ocrx_word' id='word_1_170' title='bbox 1322 1590 1516 1636; x_wconf 83' lang='lat' dir='ltr'>porrecta,</span> 
     </span>
     <span class='ocr_line' id='line_1_23' title="bbox 265 1653 1521 1702; baseline 0.001 -12"><span class='ocrx_word' id='word_1_171' title='bbox 265 1654 458 1691; x_wconf 84' lang='lat' dir='ltr'>omnibus</span> <span class='ocrx_word' id='word_1_172' title='bbox 484 1667 588 1702; x_wconf 88' lang='lat' dir='ltr'>pene</span> <span class='ocrx_word' id='word_1_173' title='bbox 618 1653 801 1691; x_wconf 82' lang='lat' dir='ltr'>eiusdem</span> <span class='ocrx_word' id='word_1_174' title='bbox 817 1653 1016 1691; x_wconf 80' lang='lat' dir='ltr'>Lindissae</span> <span class='ocrx_word' id='word_1_175' title='bbox 1029 1654 1041 1672; x_wconf 74' lang='lat'><em>⁶</em></span> <span class='ocrx_word' id='word_1_176' title='bbox 1061 1653 1294 1702; x_wconf 83' lang='lat' dir='ltr'>prouinciae</span> <span class='ocrx_word' id='word_1_177' title='bbox 1313 1653 1411 1691; x_wconf 86' lang='lat' dir='ltr'>locis</span> <span class='ocrx_word' id='word_1_178' title='bbox 1432 1667 1521 1691; x_wconf 89' lang='lat' dir='ltr'>con-</span> 
     </span>
     <span class='ocr_line' id='line_1_24' title="bbox 261 1718 1522 1767; baseline 0.001 -12"><span class='ocrx_word' id='word_1_179' title='bbox 261 1718 399 1767; x_wconf 69' lang='lat' dir='ltr'>spicua</span> <span class='ocrx_word' id='word_1_180' title='bbox 435 1719 577 1756; x_wconf 78' lang='lat' dir='ltr'>stabat.</span> <span class='ocrx_word' id='word_1_181' title='bbox 639 1718 761 1756; x_wconf 89' lang='lat' dir='ltr'>Unde</span> <span class='ocrx_word' id='word_1_182' title='bbox 799 1731 919 1755; x_wconf 89' lang='lat' dir='ltr'>mane</span> <span class='ocrx_word' id='word_1_183' title='bbox 956 1718 1062 1756; x_wconf 84' lang='lat' dir='ltr'>facto</span> <span class='ocrx_word' id='word_1_184' title='bbox 1100 1718 1242 1756; x_wconf 82' lang='lat' dir='ltr'>fratres</span> <span class='ocrx_word' id='word_1_185' title='bbox 1284 1718 1522 1756; x_wconf 77' lang='lat' dir='ltr'>monasterii</span> 
     </span>
     <span class='ocr_line' id='line_1_25' title="bbox 260 1783 1520 1833; baseline 0.001 -13"><span class='ocrx_word' id='word_1_186' title='bbox 260 1783 384 1831; x_wconf 76' lang='lat' dir='ltr'>illius,</span> <span class='ocrx_word' id='word_1_187' title='bbox 430 1784 500 1832; x_wconf 87' lang='lat' dir='ltr'>qui</span> <span class='ocrx_word' id='word_1_188' title='bbox 547 1783 675 1833; x_wconf 85' lang='lat' dir='ltr'>pridie</span> <span class='ocrx_word' id='word_1_189' title='bbox 721 1783 959 1831; x_wconf 65' lang='lat' dir='ltr'>abnuerant,</span> <span class='ocrx_word' id='word_1_190' title='bbox 1003 1783 1219 1832; x_wconf 74' lang='lat' dir='ltr'>diligenter</span> <span class='ocrx_word' id='word_1_191' title='bbox 1260 1784 1337 1832; x_wconf 69' lang='lat' dir='ltr'>{psi</span> <span class='ocrx_word' id='word_1_192' title='bbox 1384 1786 1520 1832; x_wconf 86' lang='lat' dir='ltr'>petere</span> 
     </span>
     <span class='ocr_line' id='line_1_26' title="bbox 264 1849 1520 1898; baseline 0.001 -12"><span class='ocrx_word' id='word_1_193' title='bbox 264 1852 496 1898; x_wconf 78' lang='lat' dir='ltr'>coeperunt,</span> <span class='ocrx_word' id='word_1_194' title='bbox 522 1851 568 1887; x_wconf 90' lang='lat' dir='ltr'>ut</span> <span class='ocrx_word' id='word_1_195' title='bbox 588 1849 695 1898; x_wconf 82' lang='lat' dir='ltr'>apud</span> <span class='ocrx_word' id='word_1_196' title='bbox 717 1862 760 1887; x_wconf 86' lang='lat' dir='ltr'>se</span> <span class='ocrx_word' id='word_1_197' title='bbox 780 1849 945 1887; x_wconf 86' lang='lat' dir='ltr'>eaedem</span> <span class='ocrx_word' id='word_1_198' title='bbox 958 1849 971 1869; x_wconf 87' lang='lat'><strong>⁷</strong></span> <span class='ocrx_word' id='word_1_199' title='bbox 991 1851 1152 1887; x_wconf 82' lang='lat' dir='ltr'>sanctae</span> <span class='ocrx_word' id='word_1_200' title='bbox 1178 1862 1223 1886; x_wconf 83' lang='lat' dir='ltr'>ac</span> <span class='ocrx_word' id='word_1_201' title='bbox 1243 1849 1329 1887; x_wconf 92' lang='lat' dir='ltr'>Deo</span> <span class='ocrx_word' id='word_1_202' title='bbox 1351 1849 1520 1888; x_wconf 79' lang='lat' dir='ltr'>dilectae</span> 
     </span>
     <span class='ocr_line' id='line_1_27' title="bbox 262 1914 1521 1964; baseline 0 -12"><span class='ocrx_word' id='word_1_203' title='bbox 262 1915 458 1964; x_wconf 76' lang='lat' dir='ltr'>reliquiae</span> <span class='ocrx_word' id='word_1_204' title='bbox 479 1915 760 1952; x_wconf 82' lang='lat' dir='ltr'>conderentur.</span> <span class='ocrx_word' id='word_1_205' title='bbox 822 1914 925 1951; x_wconf 81' lang='lat' dir='ltr'>Lota</span> <span class='ocrx_word' id='word_1_206' title='bbox 952 1914 1079 1963; x_wconf 78' lang='lat' dir='ltr'>igitur</span> <span class='ocrx_word' id='word_1_207' title='bbox 1108 1928 1197 1952; x_wconf 81' lang='lat' dir='ltr'>ossa</span> <span class='ocrx_word' id='word_1_208' title='bbox 1224 1914 1457 1953; x_wconf 89' lang='lat' dir='ltr'>intulerunt</span> <span class='ocrx_word' id='word_1_209' title='bbox 1476 1915 1521 1953; x_wconf 88' lang='lat' dir='ltr'>in</span> 
     </span>
     <span class='ocr_line' id='line_1_28' title="bbox 262 1980 1520 2029; baseline 0.001 -12"><span class='ocrx_word' id='word_1_210' title='bbox 262 1981 436 2028; x_wconf 80' lang='lat' dir='ltr'>thecam,</span> <span class='ocrx_word' id='word_1_211' title='bbox 462 1994 584 2029; x_wconf 87' lang='lat' dir='ltr'>quam</span> <span class='ocrx_word' id='word_1_212' title='bbox 605 1980 648 2017; x_wconf 89' lang='lat' dir='ltr'>in</span> <span class='ocrx_word' id='word_1_213' title='bbox 669 1981 746 2017; x_wconf 89' lang='lat' dir='ltr'>hoc</span> <span class='ocrx_word' id='word_1_214' title='bbox 766 1981 1115 2029; x_wconf 80' lang='lat' dir='ltr'>praeparauerant,</span> <span class='ocrx_word' id='word_1_215' title='bbox 1147 1981 1269 2028; x_wconf 81' lang='lat' dir='ltr'>atque</span> <span class='ocrx_word' id='word_1_216' title='bbox 1289 1980 1333 2017; x_wconf 94' lang='lat' dir='ltr'>in</span> <span class='ocrx_word' id='word_1_217' title='bbox 1354 1980 1520 2019; x_wconf 85' lang='lat' dir='ltr'>ecclesia</span> 
     </span>
     <span class='ocr_line' id='line_1_29' title="bbox 261 2045 1520 2095; baseline 0 -12"><span class='ocrx_word' id='word_1_218' title='bbox 261 2046 374 2083; x_wconf 80' lang='lat' dir='ltr'>iuxta</span> <span class='ocrx_word' id='word_1_219' title='bbox 400 2046 598 2083; x_wconf 88' lang='lat' dir='ltr'>honorem</span> <span class='ocrx_word' id='word_1_220' title='bbox 629 2059 855 2095; x_wconf 79' lang='lat' dir='ltr'>congruum</span> <span class='ocrx_word' id='word_1_221' title='bbox 883 2047 1131 2094; x_wconf 83' lang='lat' dir='ltr'>posuerunt3</span> <span class='ocrx_word' id='word_1_222' title='bbox 1163 2047 1202 2083; x_wconf 89' lang='lat' dir='ltr'>et</span> <span class='ocrx_word' id='word_1_223' title='bbox 1231 2047 1277 2083; x_wconf 91' lang='lat' dir='ltr'>ut</span> <span class='ocrx_word' id='word_1_224' title='bbox 1303 2046 1413 2095; x_wconf 83' lang='lat' dir='ltr'>regia</span> <span class='ocrx_word' id='word_1_225' title='bbox 1438 2045 1520 2084; x_wconf 84' lang='lat' dir='ltr'>uiri</span> 
     </span>
     <span class='ocr_line' id='line_1_30' title="bbox 261 2111 1518 2161; baseline 0.001 -13"><span class='ocrx_word' id='word_1_226' title='bbox 261 2112 389 2149; x_wconf 78' lang='lat' dir='ltr'>sancti</span> <span class='ocrx_word' id='word_1_227' title='bbox 415 2125 588 2161; x_wconf 78' lang='lat' dir='ltr'>persona</span> <span class='ocrx_word' id='word_1_228' title='bbox 615 2111 857 2149; x_wconf 75' lang='lat' dir='ltr'>memoriam</span> <span class='ocrx_word' id='word_1_229' title='bbox 884 2111 1049 2149; x_wconf 83' lang='lat' dir='ltr'>haberet</span> <span class='ocrx_word' id='word_1_230' title='bbox 1074 2112 1294 2159; x_wconf 75' lang='lat' dir='ltr'>aeternam,</span> <span class='ocrx_word' id='word_1_231' title='bbox 1319 2111 1518 2149; x_wconf 76' lang='lat' dir='ltr'>uexillum</span> 
     </span>
     <span class='ocr_line' id='line_1_31' title="bbox 260 2176 1520 2226; baseline 0.001 -12"><span class='ocrx_word' id='word_1_232' title='bbox 260 2176 345 2214; x_wconf 80' lang='lat' dir='ltr'>eius</span> <span class='ocrx_word' id='word_1_233' title='bbox 383 2190 505 2226; x_wconf 83' lang='lat' dir='ltr'>super</span> <span class='ocrx_word' id='word_1_234' title='bbox 534 2177 722 2215; x_wconf 87' lang='lat' dir='ltr'>tumbam</span> <span class='ocrx_word' id='word_1_235' title='bbox 756 2191 853 2215; x_wconf 83' lang='lat' dir='ltr'>auro</span> <span class='ocrx_word' id='word_1_236' title='bbox 888 2179 927 2215; x_wconf 89' lang='lat' dir='ltr'>et</span> <span class='ocrx_word' id='word_1_237' title='bbox 955 2191 1133 2226; x_wconf 80' lang='lat' dir='ltr'>purpura</span> <span class='ocrx_word' id='word_1_238' title='bbox 1167 2177 1425 2226; x_wconf 86' lang='lat' dir='ltr'>conpositum</span> <span class='ocrx_word' id='word_1_239' title='bbox 1456 2179 1520 2216; x_wconf 83' lang='lat' dir='ltr'>ad-</span> 
     </span>
     <span class='ocr_line' id='line_1_32' title="bbox 259 2242 1519 2292; baseline 0.001 -12"><span class='ocrx_word' id='word_1_240' title='bbox 259 2244 497 2291; x_wconf 74' lang='lat' dir='ltr'>posuerunt,</span> <span class='ocrx_word' id='word_1_241' title='bbox 522 2243 734 2292; x_wconf 82' lang='lat' dir='ltr'>ipsamque</span> <span class='ocrx_word' id='word_1_242' title='bbox 761 2256 919 2292; x_wconf 84' lang='lat' dir='ltr'>aquam,</span> <span class='ocrx_word' id='word_1_243' title='bbox 944 2243 987 2279; x_wconf 93' lang='lat' dir='ltr'>in</span> <span class='ocrx_word' id='word_1_244' title='bbox 1009 2255 1086 2291; x_wconf 86' lang='lat' dir='ltr'>qua</span> <span class='ocrx_word' id='word_1_245' title='bbox 1112 2242 1298 2280; x_wconf 83' lang='lat' dir='ltr'>lauerant</span> <span class='ocrx_word' id='word_1_246' title='bbox 1317 2242 1328 2261; x_wconf 64' lang='lat' dir='ltr'>s</span> <span class='ocrx_word' id='word_1_247' title='bbox 1349 2256 1449 2291; x_wconf 83' lang='lat' dir='ltr'>ossa,</span> <span class='ocrx_word' id='word_1_248' title='bbox 1475 2243 1519 2281; x_wconf 90' lang='lat' dir='ltr'>in</span> 
     </span>
     <span class='ocr_line' id='line_1_33' title="bbox 258 2308 1513 2357; baseline 0.002 -12"><span class='ocrx_word' id='word_1_249' title='bbox 258 2309 409 2357; x_wconf 79' lang='lat' dir='ltr'>angulo</span> <span class='ocrx_word' id='word_1_250' title='bbox 431 2308 593 2345; x_wconf 78' lang='lat' dir='ltr'>sacrarii</span> <span class='ocrx_word' id='word_1_251' title='bbox 612 2308 819 2346; x_wconf 81' lang='lat' dir='ltr'>fuderunt.</span> <span class='ocrx_word' id='word_1_252' title='bbox 881 2309 943 2345; x_wconf 75' lang='lat' dir='ltr'>Ex</span> <span class='ocrx_word' id='word_1_253' title='bbox 964 2321 1044 2357; x_wconf 87' lang='lat' dir='ltr'>quo</span> <span class='ocrx_word' id='word_1_254' title='bbox 1064 2309 1245 2356; x_wconf 89' lang='lat' dir='ltr'>tempore</span> <span class='ocrx_word' id='word_1_255' title='bbox 1265 2308 1420 2346; x_wconf 83' lang='lat' dir='ltr'>factum</span> <span class='ocrx_word' id='word_1_256' title='bbox 1440 2311 1513 2357; x_wconf 83' lang='lat' dir='ltr'>est,</span> 
     </span>
     <span class='ocr_line' id='line_1_34' title="bbox 258 2370 1652 2421; baseline 0.001 -14"><span class='ocrx_word' id='word_1_257' title='bbox 258 2372 304 2407; x_wconf 87' lang='lat' dir='ltr'>ut</span> <span class='ocrx_word' id='word_1_258' title='bbox 335 2370 422 2419; x_wconf 83' lang='lat' dir='ltr'>ipsa</span> <span class='ocrx_word' id='word_1_259' title='bbox 448 2373 566 2419; x_wconf 82' lang='lat' dir='ltr'>terra,</span> <span class='ocrx_word' id='word_1_260' title='bbox 592 2384 695 2420; x_wconf 81' lang='lat' dir='ltr'>quae</span> <span class='ocrx_word' id='word_1_261' title='bbox 719 2370 930 2408; x_wconf 85' lang='lat' dir='ltr'>lauacrum</span> <span class='ocrx_word' id='word_1_262' title='bbox 957 2372 960 2421; x_wconf 85' lang='grc'>1</span> <span class='ocrx_word' id='word_1_263' title='bbox 986 2370 1221 2408; x_wconf 90' lang='lat' dir='ltr'>uenerabile</span> <span class='ocrx_word' id='word_1_264' title='bbox 1250 2372 1439 2420; x_wconf 73' lang='lat' dir='ltr'>suscepit,</span> <span class='ocrx_word' id='word_1_265' title='bbox 1467 2372 1518 2410; x_wconf 79' lang='lat' dir='ltr'>ad</span> <span class='ocrx_word' id='word_1_266' title='bbox 1540 2385 1562 2415; x_wconf 85' lang='lat' dir='ltr'>f.</span> <span class='ocrx_word' id='word_1_267' title='bbox 1580 2394 1612 2421; x_wconf 86' lang='lat'>52</span> <span class='ocrx_word' id='word_1_268' title='bbox 1626 2395 1652 2414; x_wconf 80' lang='lat' dir='ltr'>a.</span> 
     </span>
    </p>
   </div>
   <div class='ocr_carea' id='block_1_3' title="bbox 257 2486 1517 2632">
    <p class='ocr_par' dir='ltr' id='par_1_3' title="bbox 257 2486 1517 2632">
     <span class='ocr_line' id='line_1_35' title="bbox 302 2486 1517 2528; baseline 0.002 -10"><span class='ocrx_word' id='word_1_269' title='bbox 302 2486 311 2507; x_wconf 95' lang='lat'>1</span> <span class='ocrx_word' id='word_1_270' title='bbox 334 2489 550 2527; x_wconf 75' lang='lat' dir='ltr'>ostrydaeN3</span> <span class='ocrx_word' id='word_1_271' title='bbox 575 2489 715 2528; x_wconf 66' lang='lat' dir='ltr'>osbrybe</span> <span class='ocrx_word' id='word_1_272' title='bbox 727 2489 764 2520; x_wconf 81' lang='lat' dir='ltr'>C.</span> <span class='ocrx_word' id='word_1_273' title='bbox 838 2489 850 2505; x_wconf 78' lang='lat'><strong>²</strong></span> <span class='ocrx_word' id='word_1_274' title='bbox 873 2489 997 2520; x_wconf 78' lang='lat' dir='ltr'>lindisi</span> <span class='ocrx_word' id='word_1_275' title='bbox 1014 2489 1055 2519; x_wconf 92' lang='lat' dir='ltr'>N.</span> <span class='ocrx_word' id='word_1_276' title='bbox 1129 2488 1141 2505; x_wconf 72' lang='lat'><strong>³</strong></span> <span class='ocrx_word' id='word_1_277' title='bbox 1164 2489 1241 2528; x_wconf 83' lang='lat' dir='ltr'>—nig</span> <span class='ocrx_word' id='word_1_278' title='bbox 1253 2488 1303 2521; x_wconf 71' lang='lat' dir='ltr'>B2.</span> <span class='ocrx_word' id='word_1_279' title='bbox 1378 2489 1389 2507; x_wconf 71' lang='lat'><strong>⁴</strong></span> <span class='ocrx_word' id='word_1_280' title='bbox 1414 2490 1517 2521; x_wconf 66' lang='lat' dir='ltr'>aeffil-</span> 
     </span>
     <span class='ocr_line' id='line_1_36' title="bbox 263 2539 1513 2587; baseline 0.002 -16"><span class='ocrx_word' id='word_1_281' title='bbox 263 2541 299 2571; x_wconf 91' lang='lat' dir='ltr'>C.</span> <span class='ocrx_word' id='word_1_282' title='bbox 427 2541 437 2559; x_wconf 79' lang='lat'>⁵</span> <span class='ocrx_word' id='word_1_283' title='bbox 460 2550 520 2571; x_wconf 71' lang='lat' dir='ltr'>eae</span> <span class='ocrx_word' id='word_1_284' title='bbox 537 2544 655 2587; x_wconf 52' lang='grc' dir='ltr'>ι’)-αῡυιῐΔ</span> <span class='ocrx_word' id='word_1_285' title='bbox 669 2551 690 2570; x_wconf 70' lang='lat' dir='ltr'>71r</span> <span class='ocrx_word' id='word_1_286' title='bbox 707 2541 742 2572; x_wconf 88' lang='lat' dir='ltr'>C.</span> <span class='ocrx_word' id='word_1_287' title='bbox 761 2544 825 2571; x_wconf 67' lang='lat' dir='ltr'>ancl</span> <span class='ocrx_word' id='word_1_288' title='bbox 842 2541 882 2572; x_wconf 84' lang='lat' dir='ltr'>B.</span> <span class='ocrx_word' id='word_1_289' title='bbox 1010 2539 1021 2558; x_wconf 65' lang='grc' dir='ltr'>θ</span> <span class='ocrx_word' id='word_1_290' title='bbox 1045 2551 1115 2572; x_wconf 83' lang='lat' dir='ltr'>-sae</span> <span class='ocrx_word' id='word_1_291' title='bbox 1133 2541 1170 2572; x_wconf 85' lang='lat' dir='ltr'>C.</span> <span class='ocrx_word' id='word_1_292' title='bbox 1188 2541 1227 2573; x_wconf 92' lang='lat' dir='ltr'>B.</span> <span class='ocrx_word' id='word_1_293' title='bbox 1352 2541 1364 2559; x_wconf 80' lang='lat'>⁷</span> <span class='ocrx_word' id='word_1_294' title='bbox 1389 2542 1513 2574; x_wconf 81' lang='lat' dir='ltr'>eadem</span> 
     </span>
     <span class='ocr_line' id='line_1_37' title="bbox 257 2592 880 2632; baseline 0.003 -9"><span class='ocrx_word' id='word_1_295' title='bbox 257 2592 302 2624; x_wconf 88' lang='lat' dir='ltr'>M.</span> <span class='ocrx_word' id='word_1_296' title='bbox 320 2592 359 2623; x_wconf 90' lang='lat' dir='ltr'>B.</span> <span class='ocrx_word' id='word_1_297' title='bbox 380 2593 415 2624; x_wconf 88' lang='lat' dir='ltr'>C.</span> <span class='ocrx_word' id='word_1_298' title='bbox 607 2593 619 2611; x_wconf 75' lang='lat'><strong>⁸</strong></span> <span class='ocrx_word' id='word_1_299' title='bbox 642 2594 739 2624; x_wconf 86' lang='lat' dir='ltr'>-runt</span> <span class='ocrx_word' id='word_1_300' title='bbox 758 2593 802 2624; x_wconf 90' lang='lat' dir='ltr'>M.</span> <span class='ocrx_word' id='word_1_301' title='bbox 821 2593 880 2632; x_wconf 58' lang='lat' dir='ltr'>Hl.</span> 
     </span>
    </p>
   </div>
   <div class='ocr_carea' id='block_1_4' title="bbox 1766 0 1803 2887">
    <p class='ocr_par' dir='ltr' id='par_1_4' title="bbox 1766 0 1803 2887">
     <span class='ocr_line' id='line_1_38' title="bbox 1766 0 1803 2887; baseline 0 0"><span class='ocrx_word' id='word_1_302' title='bbox 1766 0 1803 2887; x_wconf 95' lang='lat' dir='ltr'> </span> 
     </span>
    </p>
   </div>
  </div>
 </body>
</html>
