1803 2887
871 43 884 59 l

304 139 388 179 280
466 137 675 179 Historia
688 137 994 179 Ecclesiastica
1010 138 1066 180 Ge
1074 137 1161 179 ntis
1176 137 1443 193 Anylorum.

304 253 420 291 oculo
441 253 615 291 exitium
639 253 821 290 humana
845 266 994 291 manus
1018 266 1155 290 curare
1179 254 1343 301 ualeret,
1368 253 1469 303 quin
1490 267 1561 303 per

305 319 392 356 dies
425 320 666 367 augesceret,
700 318 870 367 contigit
904 332 998 356 eum
1029 318 1165 356 subito
1200 319 1363 357 diuinae
1397 319 1562 368 pietatis

304 384 434 433 gratia
454 397 525 432 per
541 383 790 421 sanctissimi
810 384 934 432 patris
950 382 1190 422 Cudbercti¹
1207 384 1398 433 reliquias
1413 384 1559 423 sanari.

306 449 411 487 Nam
451 449 614 498 quando
653 449 800 486 fratres
837 448 900 486 sui
939 462 1083 498 corpus
1120 449 1250 498 ipsius
1284 451 1376 498 post
1407 450 1562 488 multos

305 514 535 563 sepulturae
563 527 694 551 annos
723 514 1007 563 incorruptum
1038 515 1305 563 reppererunt
1317 513 1340 562 ²³,
1374 515 1561 553 tulerunt

304 581 461 628 partem
483 580 532 617 de
552 579 721 628 capillis,
746 592 870 628 quam
897 592 1011 617 more
1037 579 1304 628 reliquiarum
1324 580 1562 628 rogantibus

304 644 446 681 amicis
467 644 572 690 dare,
597 643 664 681 uel
685 644 901 681 ostendere
920 643 963 680 in
985 643 1149 692 signum
1172 643 1360 682 miraculi
1379 646 1556 693 possent.

358 709 520 747 Harum
546 708 791 758 particulam
815 709 1081 758 reliquiarum
1107 722 1154 746 eo
1180 710 1364 758 tempore
1388 708 1561 748 habebat

303 787 428 823 penes
462 787 504 812 se
536 774 705 823 quidam
739 774 788 812 de
821 774 1072 824 presbyteris
1106 775 1289 812 eiusdem
1323 774 1562 812 monasterii

305 841 472 878 nomine
492 839 722 877 Thruidred
738 840 762 888 3,
788 840 858 889 qui
885 853 995 877 nunc
1023 840 1151 889 ipsius
1176 839 1416 877 monasterii
1440 840 1563 878 abbas

304 908 376 944 est.
440 905 518 954 Qui
547 919 641 943 cum
671 905 736 943 die
767 905 941 954 quadam
971 906 1181 955 ingressus
1209 904 1432 953 ecclesiam,
1456 918 1563 954 aper-

304 971 431 1009 uisset
451 971 614 1008 thecam
635 970 912 1019 reliquiarum,
934 971 980 1008 ut
997 970 1229 1019 portionem
1244 983 1384 1008 earum
1404 971 1563 1019 roganti

303 1036 433 1074 amico
453 1037 686 1085 praestaret,
711 1035 883 1085 contigit
907 1038 947 1073 et
971 1035 1106 1084 ipsum
1132 1035 1435 1073 adulescentem
1449 1036 1473 1084 4,
1498 1036 1564 1074 cui

304 1102 447 1139 oculus
484 1101 716 1150 languebat,
747 1099 750 1151 l
776 1102 821 1138 in
859 1101 999 1139 eadem
1044 1102 1142 1138 tunc
1184 1101 1350 1138 ecclesia
1364 1102 1375 1118 '¹
1409 1102 1558 1140 adesse.

305 1167 490 1216 Cumque
520 1167 733 1216 presbyter
761 1166 1004 1215 portionem,
1039 1167 1234 1215 quantam
1265 1166 1408 1214 uoluit,
1433 1167 1564 1204 amico

305 1232 493 1280 dedisset,
530 1232 740 1269 residuum
771 1231 884 1269 dedit
914 1231 1176 1279 adulescenti,
1213 1234 1259 1270 ut
1292 1245 1365 1269 suo
1398 1232 1443 1269 in
1475 1233 1563 1271 loco

304 1299 527 1347 reponeret.
591 1298 648 1334 At
677 1297 747 1334 ille
777 1297 931 1335 salubri
960 1297 1158 1335 instinctu
1189 1297 1434 1345 admonitus,
1469 1311 1564 1336 cum

303 1362 523 1412 accepisset
557 1362 724 1411 capillos
761 1362 891 1399 sancti
926 1362 1079 1411 capitis,
1123 1362 1311 1411 adposuit
1349 1362 1564 1412 palpebrae

303 1428 529 1478 languenti,
571 1430 611 1466 et
658 1427 896 1476 aliquandiu
943 1429 1150 1465 tumorem
1198 1428 1319 1465 illum
1365 1428 1564 1466 infestum

303 1494 453 1531 horum
499 1493 753 1542 adpositione
792 1493 1047 1542 conprimere
1091 1507 1136 1531 ac
1180 1493 1343 1531 mollire
1383 1494 1559 1532 curabat.

305 1560 393 1607 Quo
413 1559 531 1605 facto,
556 1558 762 1607 reliquias,
787 1559 834 1595 ut
854 1558 990 1595 iussus
1011 1560 1105 1603 erat,
1133 1572 1206 1596 sua
1232 1559 1275 1596 in
1295 1559 1412 1596 theca
1430 1572 1565 1596 recon-

304 1624 418 1669 didit,
453 1624 622 1661 credens
651 1636 774 1660 suum
804 1623 969 1661 oculum
998 1624 1156 1672 capillis
1185 1623 1264 1660 uiri
1294 1624 1381 1671 Dei,
1416 1624 1565 1673 quibus

303 1690 488 1727 adtactus
519 1691 613 1735 erat,
639 1688 750 1726 ocius
777 1702 865 1726 esse
897 1690 1138 1727 sanandum.
1201 1689 1343 1739 Neque
1370 1703 1465 1727 eum
1492 1702 1564 1727 sua

303 1755 404 1793 fides
424 1754 580 1792 fefellit.
642 1754 742 1791 Erat
769 1754 891 1801 enim,
916 1756 962 1792 ut
989 1754 1137 1792 referre
1163 1757 1224 1792 est
1240 1756 1252 1774 ⁶
1281 1755 1437 1803 solitus,
1465 1757 1564 1793 tunc

304 1820 403 1858 hora
436 1820 596 1857 circiter
634 1820 812 1857 secunda
845 1819 935 1857 diei.
997 1820 1076 1858 Sed
1111 1834 1205 1858 cum
1245 1820 1333 1868 alia,
1381 1834 1565 1870 quaeque

304 1886 390 1923 dies
416 1885 489 1923 illa
515 1885 712 1934 exigebat,
738 1885 933 1933 cogitaret
960 1887 999 1923 et
1025 1885 1182 1934 faceret,
1207 1886 1439 1924 inminente
1464 1885 1564 1924 hora

304 1951 432 1999 ipsius
452 1950 533 1988 diei
554 1952 678 1997 sexta,
704 1952 872 1999 repente
892 1950 1136 2000 contingens
1157 1952 1321 1989 oculum
1340 1952 1397 1989 ita
1416 1964 1563 1989 sanum

303 2030 397 2054 cum
418 2016 610 2065 palpebra
629 2015 802 2063 inuenit,
827 2028 871 2053 ac
892 2016 927 2053 si
947 2016 1007 2053 nil
1028 2030 1226 2065 umquam
1246 2017 1291 2054 in
1312 2031 1358 2055 eo
1379 2016 1563 2055 deformi·

304 2083 403 2120 tatis
423 2096 467 2120 ac
488 2081 666 2120 tumoris
686 2081 954 2130 apparuisset.

345 2181 354 2198 ¹
379 2181 529 2211 ·berchti
546 2181 580 2211 C.
643 2179 654 2195 ²
678 2181 901 2220 reperierunt
918 2180 952 2210 M
971 2191 978 2217 ;
1003 2182 1228 2220 reppererent
1245 2181 1284 2211 B.
1354 2178 1364 2195 ³
1387 2180 1563 2220 thrydred

304 2234 341 2264 B.
362 2233 387 2264 C
405 2243 412 2271 3
431 2232 586 2272 thryded
605 2233 644 2263 N.
810 2231 821 2249 ⁴
846 2232 996 2263 adulisc-
1014 2232 1058 2263 M.
1078 2232 1113 2263 C.
1279 2232 1291 2249 ⁵
1313 2233 1393 2263 eccl.
1412 2234 1498 2263 tunc
1516 2233 1560 2264 M.

302 2287 314 2303 ὃ
337 2286 411 2316 erat
429 2285 472 2315 M.

1588 1113 1662 1151 f.99
1678 1123 1705 1142 a.
