1803 2887
46 2183 74 2209 A
90 2182 150 2215 boy

45 2221 145 2249 enred
161 2220 192 2246 ot

46 2261 145 2288 sever.

249 142 330 181 150
601 140 810 182 Historia
841 140 1147 183 Ecclesiastica
1336 147 1422 189 [Lm.
1443 151 1498 181 111.

245 255 381 293 conati
419 268 676 304 nequaquam
711 255 910 303 ualebant,
955 256 1113 294 dicebat
1146 256 1359 305 presbyter
1395 269 1503 293 exor-

247 321 406 368 cismos,
431 323 471 358 et
501 334 683 370 quaeque
706 323 872 369 poterat,
900 335 973 371 pro
1004 322 1181 360 sedando
1204 321 1343 359 miseri
1367 322 1503 359 furore

247 387 400 435 agebat.
464 386 542 424 Sed
591 399 665 423 nec
704 387 797 435 ipse,
842 387 1030 435 quamuis
1074 388 1256 425 multum
1302 387 1500 434 laborans,

249 452 442 500 proficere
471 451 625 500 aliquid
648 451 819 490 ualebat.
881 453 1067 501 Cumque
1093 452 1152 489 nil
1182 452 1325 490 salutis
1353 452 1506 490 furenti

249 530 459 566 superesse
494 517 712 565 uideretur,
752 520 918 566 repente
951 518 1067 555 uenit
1098 517 1143 555 in
1173 519 1357 555 mentem
1391 517 1507 555 abba-

251 583 372 620 tissae
410 581 549 630 puluis
600 581 670 618 ille
719 583 949 631 praefatus3
1009 583 1229 632 statimque
1281 582 1400 620 iussit
1449 582 1507 619 ire

253 647 496 693 ministram,
531 647 572 683 et
604 647 830 695 capsellam,
865 647 908 684 in
943 660 1022 696 qua
1055 649 1150 695 erat,
1187 648 1397 686 adducere.
1454 647 1508 684 Et

253 725 346 749 cum
381 712 451 748 illa
489 711 687 759 adferens,
728 725 828 761 quae
867 713 976 750 iussa
1008 714 1078 760 est,
1122 713 1315 751 intraret¹
1355 712 1509 751 atrium

253 778 409 819 domus,
434 777 478 814 in
500 776 614 814 cuius
633 777 897 815 interioribus
921 779 1206 816 daemoniosus
1231 779 1506 828 torquebatur,

253 842 450 880 conticuit
487 842 558 879 ille
596 843 742 889 subito,
785 846 824 881 et
868 844 983 892 quasi
1025 844 1068 881 in
1113 857 1307 882 somnum
1351 843 1512 881 laxatus

255 907 444 957 deposuit
465 909 597 956 caput,
622 909 807 946 membra
827 909 870 946 in
892 909 1071 958 quietem
1092 910 1230 947 omnia
1250 909 1475 959 conposuit.

413 988 420 1000 ⁶
435 984 642 1014 Conticuere
665 993 797 1024 omnes,
822 984 825 1027 1
848 986 1049 1025 intentique
1074 996 1133 1016 ora
1157 986 1352 1022 tenebant-J

259 1065 382 1101 quem
413 1064 476 1088 res
504 1051 662 1089 exitum
696 1052 875 1097 haberet,
906 1052 1070 1090 solliciti
1109 1055 1399 1102 exspectantes,
1461 1052 1515 1090 Et

259 1119 352 1166 post
372 1118 629 1166 aliquantum
652 1118 773 1156 horae
793 1118 973 1166 spatium
999 1119 1148 1156 resedit
1175 1119 1246 1168 qui
1273 1118 1508 1166 uexabatur,

260 1187 301 1222 et
330 1186 511 1233 grauiter
537 1183 771 1232 suspirans:
812 1184 982 1231 ‘Modo,’
1005 1185 1152 1233 inquit,
1192 1186 1361 1222 ‘sanum
1385 1183 1507 1232 sapio,

260 1248 418 1298 recepi2
466 1250 577 1286 enim
625 1262 792 1286 sensum
839 1249 968 1286 animi
1005 1249 1115 1287 mei.⁹
1171 1251 1229 1287 At
1267 1250 1329 1287 illi
1371 1248 1514 1287 sedulo

261 1315 580 1361 sciscitabantur,
628 1315 831 1363 quomodo
870 1314 946 1352 hoc
984 1315 1230 1363 contigisset.
1308 1315 1386 1363 Qui
1433 1315 1517 1352 ait:

268 1382 385 1419 ‘Mox
424 1383 469 1418 ut
506 1380 622 1429 uirgo
664 1380 761 1417 haec
796 1394 891 1418 cum
929 1381 1113 1429 capsella,
1157 1394 1280 1430 quam
1318 1381 1514 1430 portabat,

264 1443 635 1493 adpropinquauit3
656 1443 759 1481 atrio
781 1444 929 1481 domus
954 1443 1088 1490 huius,
1121 1444 1341 1481 discessere
1361 1456 1519 1484 omnes,

265 1511 335 1560 qui
374 1523 440 1547 me
477 1509 729 1558 premebant,
773 1509 943 1558 spiritus
975 1510 1157 1560 maligni,
1200 1512 1241 1548 et
1278 1523 1345 1547 me
1382 1509 1523 1547 relicto

267 1588 471 1624 nusquam
509 1575 838 1623 conparuerunt.’
917 1575 1032 1612 Tunc
1081 1575 1193 1613 dedit
1241 1574 1277 1612 ei
1323 1575 1524 1613 abbatissa

266 1641 568 1690 portiunculam
600 1640 650 1677 de
680 1641 848 1689 puluere
879 1640 960 1687 illo,
999 1642 1040 1677 et
1074 1641 1130 1677 sic
1162 1641 1255 1678 data
1289 1640 1469 1678 oratione
1503 1653 1526 1678 a

268 1707 515 1756 presbytero,
552 1708 715 1744 noctem
744 1706 860 1743 illam
890 1706 1189 1755 quietissimam
1220 1706 1362 1753 duxit;
1392 1719 1526 1754 neque

268 1772 423 1821 aliquid
446 1785 495 1809 ex
516 1785 562 1809 eo
585 1773 770 1820 tempore
796 1772 988 1809 nocturni
1014 1771 1176 1810 timoris
1203 1774 1274 1810 aut
1296 1771 1526 1809 uexationis

270 1837 318 1875 ab
340 1837 509 1887 antiquo
525 1837 642 1875 hoste
661 1837 842 1887 pertulit.

777 1973 897 2012 CAP.
923 1973 1023 2011 XII.

483 2086 518 2113 Ut
532 2082 542 2099 4
557 2086 599 2114 ad
614 2086 753 2113 tumbam
770 2085 836 2114 eius
852 2087 892 2113 sit
900 2085 1052 2120 ffloern'us
1067 2084 1178 2120 asebre
1193 2087 1330 2114 curatus.

330 2176 548 2220 SEQUENTE
572 2174 721 2211 dehinc
747 2175 930 2223 tempore
952 2174 1031 2211 fuit
1050 2174 1095 2211 in
1121 2174 1264 2211 eodem
1283 2172 1532 2210 monasterio

275 2240 471 2291 puerulus
501 2239 679 2289 quidam,
708 2239 831 2289 longo
859 2239 1035 2277 febrium
1064 2239 1324 2277 incommodo
1355 2238 1534 2288 grauiter

276 2308 457 2345 uexatus.
537 2305 615 2353 Qui
653 2319 748 2343 cum
786 2305 851 2343 die
899 2305 1098 2354 quadam5
1145 2304 1344 2342 sollicitus
1390 2304 1534 2341 horam

322 2415 331 2432 ¹
355 2415 506 2445 intrauit
525 2415 566 2444 N.
663 2413 675 2429 ²²
705 2414 812 2452 recipi
831 2413 876 2444 M.
982 2412 993 2429 3
1017 2413 1105 2442 -abit
1123 2412 1167 2443 M.
1274 2410 1286 2429 4
1311 2414 1382 2442 This
1404 2413 1536 2448 headinq

278 2479 341 2499 was
364 2471 483 2497 omitted
505 2470 540 2503 by
556 2470 603 2496 the
619 2469 710 2496 scribe
726 2468 812 2503 from
829 2469 874 2495 tlte
898 2467 1031 2501 capilum
1047 2467 1082 2502 of
1092 2464 1137 2495 M.
1186 2466 1216 2494 It
1239 2467 1267 2494 is
1286 2466 1415 2493 inserted
1435 2474 1473 2493 on
1488 2465 1535 2493 the

276 2523 362 2550 lower
383 2521 514 2558 marqin,
534 2521 598 2548 ancl
620 2521 665 2549 the
687 2520 832 2548 numbers
858 2519 892 2555 of
909 2519 950 2547 all
974 2520 1019 2546 the
1036 2519 1213 2554 subsequenti
1229 2519 1365 2553 chapters
1380 2518 1452 2545 have
1469 2517 1536 2544 been

277 2577 399 2605 altered.
530 2571 541 2589 ⁵
564 2570 718 2610 quodam
735 2570 780 2600 M.

1537 988 1557 1016 f.
1574 997 1606 1023 5²
1621 989 1649 1016 b.

1537 1029 1630 1063 Verg.

1539 1068 1619 1096 Aen.
1637 1066 1668 1094 ii.
1685 1076 1706 1094 x.
