1803 2887
236 162 314 192 Cn.
334 157 410 199 XL]
630 149 780 192 Gentis
810 149 1080 204 Angyloo'um.
1403 148 1485 187 301

234 267 357 305 etiam
386 265 563 316 paganis,
595 265 665 314 qui
694 277 763 302 eos
786 264 1014 302 occiderant
1027 263 1050 310 1,
1080 263 1347 301 intuentibus.
1409 262 1489 300 Sed

234 334 274 370 et
308 345 417 370 unus
447 345 495 369 ex
529 331 588 368 eis
618 330 663 368 in
693 330 850 368 uisione
882 331 1084 367 nocturna
1113 328 1299 377 apparuit
1328 327 1490 365 cuidam

234 397 284 434 de
307 395 451 435 sociis²
477 396 572 443 suis,
598 395 664 433 cui
690 408 843 433 nomen
873 396 959 432 erat
985 394 1162 441 Tilmon,
1193 393 1281 430 uiro
1308 392 1486 438 inlustri,

233 464 273 500 et
305 462 352 499 ad
389 461 595 499 saeculum
632 473 791 510 quoque
829 459 970 507 nobili,
1008 459 1079 508 qui
1113 459 1162 496 de
1195 458 1329 496 milite
1361 458 1493 495 faetus

233 527 389 564 fuerat⁸
428 527 679 573 monachus,
727 524 924 572 indicans,
967 525 1074 573 quod
1117 537 1164 561 eo
1207 524 1286 561 loci
1327 536 1493 571 corpora

233 605 374 630 eorum
411 593 550 641 posset
592 591 789 637 inuenire,
834 590 905 627 ubi
947 589 1082 627 lucem
1125 589 1175 627 de
1219 588 1328 627 caelo
1370 588 1492 625 terris

234 657 411 695 radiasse
443 656 704 705 conspiceret.
767 656 884 703 Quod
922 655 980 693 ita
1017 654 1254 703 conpletum
1288 655 1361 692 est.
1421 653 1490 690 In-

234 725 359 761 uenta
386 736 565 772 namque
589 735 729 760 eorum
754 734 920 770 corpora
943 721 1057 758 iuxta
1079 720 1278 757 honorem
1305 718 1492 768 martyri-

233 789 309 826 bus
342 788 593 837 condignum
623 787 830 824 recondita
859 788 967 833 sunt,
1004 787 1044 823 et
1075 785 1161 823 dies
1190 784 1393 833 passionis
1424 783 1491 821 uel

234 853 490 892 inuentionis
523 866 665 890 eorum
696 865 875 901 congrua
904 851 987 889 illis
1016 851 1061 888 in
1095 850 1193 888 locis
1225 849 1492 887 ueneratione

234 919 469 957 celebratus.
539 917 726 966 Denique
764 916 1082 966 gloriosissimus
1120 916 1203 953 dux
1242 915 1491 952 Francorum

235 984 398 1034 Pippin,
436 983 508 1021 ubi
538 983 636 1020 haec
675 982 886 1031 conperiit,
924 981 1048 1025 misit,
1085 983 1125 1019 et
1159 981 1333 1018 adducta
1366 980 1415 1017 ad
1450 992 1493 1017 se

234 1063 375 1088 eorum
404 1061 567 1098 corpora
597 1048 779 1086 condidit
808 1061 902 1085 cum
931 1047 1063 1085 multa
1092 1046 1220 1096 gloria
1248 1046 1293 1083 in
1325 1045 1493 1083 ecclesia

234 1115 425 1154 Coloniae
445 1114 624 1152 ciuitatis
644 1113 758 1151 iuxta
779 1113 975 1150 Rhenum
990 1112 1013 1150 4.
1062 1112 1210 1149 Fertur
1229 1113 1378 1157 autem,
1398 1109 1494 1158 quia

233 1181 273 1218 in
305 1181 402 1227 loco,
430 1193 509 1228 quo
537 1179 658 1217 occisi
685 1180 792 1226 sunt,
817 1178 910 1216 fons
939 1178 1154 1224 ebullierit,
1180 1176 1250 1225 qui
1277 1176 1320 1213 in
1350 1176 1492 1213 eodem

234 1245 321 1284 loco
343 1258 472 1294 usque
492 1244 613 1282 hodie
633 1245 797 1293 copiosa
817 1244 962 1281 fluenti
982 1243 1045 1281 sui
1066 1243 1172 1281 dona
1196 1241 1416 1292 profundat
1429 1241 1451 1279 5.

774 1400 894 1438 CAP.
929 1399 1004 1437 XI.

238 1502 273 1530 Ut
296 1502 361 1530 uiri
384 1497 592 1531 uenerabiles-⁶
608 1497 788 1529 Suidbercc⁷
808 1501 842 1528 in
858 1500 1015 1528 Brz'lcirziz's
1025 1495 1045 1535 8,
1070 1496 1229 1527 Πίίὂνονιῑ9
1246 1499 1358 1526 Romae
1375 1499 1438 1525 sint
1463 1498 1495 1525 ἱη

637 1554 777 1582 Fresiam
793 1553 929 1581 ordinati
945 1552 1086 1587 episcopi.

287 1641 441 1679 Pmmls
462 1654 558 1678 sane
577 1639 834 1689 temporibus
849 1639 1053 1676 aduentus
1075 1651 1215 1675 eorum
1232 1637 1275 1675 in
1298 1637 1490 1685 Fresiam,

233 1719 330 1744 mox
350 1709 396 1744 ut
423 1705 623 1754 conperiit
644 1705 840 1743 Uilbrord
866 1704 1004 1742 datam
1030 1703 1109 1741 sibi
1129 1717 1151 1741 a
1174 1703 1358 1752 principe
1378 1703 1497 1740 licen-

233 1771 333 1809 tiam
365 1771 519 1809 ibidem
549 1770 822 1820 praedicandi,
855 1769 1099 1807 accelerauit
1130 1768 1272 1806 uenire
1307 1769 1492 1815 Romam,

234 1837 350 1875 cuius
379 1836 466 1874 sedi
494 1835 742 1885 apostolicae
771 1838 870 1873 tunc
900 1835 1068 1884 Sergius
1096 1848 1200 1884 papa
1228 1836 1421 1883 praeerat,
1451 1836 1497 1872 ut

235 1916 327 1940 cum
349 1902 436 1940 eius
456 1901 623 1939 licentia
647 1903 688 1939 et
715 1900 1002 1938 benedictione
1028 1900 1304 1938 desideratum
1329 1912 1498 1949 euange-

234 1968 384 2006 lizandi
405 1967 598 2017 gentibus
624 1980 726 2016 opus
749 1967 872 2004 iniret
893 1981 901 2014 ;
932 1966 1057 2004 simul
1078 1967 1117 2004 et
1146 1965 1340 2014 reliquias
1366 1965 1498 2003 beato—

234 2048 326 2072 rum
343 2033 623 2083 apostolorum
643 2046 687 2070 ac
708 2034 940 2081 martyrum
961 2031 1116 2071 Christi
1135 2031 1184 2069 ab
1205 2044 1250 2068 eo
1267 2044 1309 2068 se
1329 2044 1498 2080 sperans

235 2100 412 2149 accipere
425 2098 462 2146 ¹⁰,
486 2101 534 2136 ut
558 2099 658 2136 dum
678 2098 722 2135 in
742 2101 874 2147 gente,
900 2097 966 2135 cui
990 2097 1251 2146 praedicaret,
1278 2096 1498 2134 destructis

234 2165 355 2204 idolis
374 2164 563 2202 ecclesias
588 2164 833 2210 institueret,
859 2163 1026 2201 haberet
1046 2163 1089 2200 in
1115 2164 1282 2212 promtu
1302 2162 1496 2212 reliquias

234 2233 481 2278 sanctorum,
522 2242 622 2279 quas
652 2229 710 2267 ibi
738 2229 1042 2276 introduceret;
1079 2228 1307 2278 quibusque
1343 2227 1495 2266 ibidem

235 2295 439 2345 depositis,
483 2296 779 2344 consequenter
812 2295 857 2331 in
891 2307 1032 2332 eorum
1071 2294 1281 2342 honorem,
1320 2306 1495 2342 quorum

235 2364 370 2400 essent
403 2361 507 2408 illae,
543 2359 708 2409 singula
741 2373 924 2409 quaeque
952 2360 1039 2397 loca
1070 2359 1281 2397 dedicaret.
1342 2359 1422 2397 Sed
1452 2361 1492 2396 et

279 2469 289 2486 ¹
313 2473 412 2501 -runt
430 2472 471 2502 B.
617 2470 629 2487 ²
651 2471 739 2501 socis
756 2468 814 2501 M¹.
947 2470 958 2487 3
982 2471 1059 2500 erat
1075 2469 1120 2500 M.
1243 2468 1254 2485 ⁴¹
1277 2469 1431 2499 hrenum
1449 2468 1490 2499 N.

235 2524 247 2541 ⁵
269 2532 345 2562 per·
362 2523 398 2553 C.
416 2522 467 2553 13².
486 2523 539 2553 W.
630 2521 641 2538 ὁ
665 2524 723 2553 uir
740 2523 798 2552 -lis
815 2522 850 2553 C.
951 2521 963 2538 ⁷
988 2522 1186 2552 suitbercht
1205 2521 1229 2552 C
1245 2531 1251 2559 ;
1276 2521 1431 2551 sinberct
1448 2521 1489 2551 N.

236 2573 247 2590 Β
271 2574 342 2604 -nis
358 2574 403 2612 C3
427 2574 501 2604 -nia
518 2574 563 2605 M.
654 2573 665 2591 ⁹
688 2574 779 2604 uuil-
796 2574 826 2604 N
843 2584 850 2612 ;
873 2573 1016 2604 uilbrod
1033 2573 1071 2604 C.
1161 2572 1186 2589 ¹⁰
1208 2582 1324 2611 accep·
1340 2572 1388 2603 M.

1521 1645 1690 1673 Wilbrord

1521 1694 1595 1720 goes
1612 1688 1646 1712 to

1522 1726 1631 1752 Rome.
