1803 2887
70 2063 232 2108 etl-Matth.

70 2111 121 2130 vn.
139 2112 177 2137 22,
194 2112 233 2137 23.

260 186 336 216 CAP.
358 182 478 223 XXV.]
658 173 810 216 Gentis
841 173 1111 227 Asnqlorum.
1433 174 1513 213 187

257 291 457 338 laudatus,
492 289 574 339 legi
604 289 670 326 uel
709 288 920 337 euangelio
959 287 1160 325 contraria
1198 287 1341 335 sapuit,
1385 288 1455 335 qui
1492 301 1516 325 av

257 356 414 393 XIIIIss
445 367 571 404 usque
599 354 649 392 ad
669 353 802 391 XXam
831 353 980 402 pascha
1009 353 1295 390 celebrandum
1325 352 1517 400 scripsit?

258 421 468 470 Numquid
488 419 866 457 reuerentissimum
884 420 1043 468 patrem
1062 420 1252 456 nostrum
1272 418 1516 456 Columbam

257 489 298 524 et
317 498 563 524 successores
583 485 669 523 eius
688 485 798 522 uiros
825 485 912 522 Deo
939 484 1115 531 dilectos,
1142 483 1211 532 qui
1231 483 1374 520 eodem
1394 483 1517 521 modo

257 551 405 601 pascha
424 551 620 598 fecerunt,
645 550 794 588 diuinis
813 549 973 599 paginis
1003 549 1202 587 contraria
1220 548 1225 565 ¹
1250 549 1429 597 sapuisse
1450 549 1516 585 uel

258 617 384 666 egisse
417 616 666 654 credendum
700 616 798 653 est?
853 628 947 652 cum
981 615 1149 663 plurimi
1182 614 1337 652 fuerint
1368 614 1411 651 in
1445 613 1512 661 eis,

259 695 433 731 quorum
471 681 677 719 sanctitati
714 680 900 718 caelestia
938 680 1062 729 signa,
1101 681 1142 717 et
1175 680 1379 717 uirtutum
1415 692 1516 728 quae

256 747 441 784 fecerunt
460 746 655 784 miracula
673 745 958 783 testimonium
978 745 1252 794 praebuerunt
1272 760 1281 792 ;
1311 758 1412 793 quos
1431 745 1517 793 ipse

257 815 418 850 sanctos
437 825 523 849 esse
542 825 626 849 non
643 811 844 858 dubitans,
865 824 1026 859 semper
1044 823 1188 848 eorum
1208 810 1347 857 uitam,
1366 823 1512 857 mores,

258 879 296 916 et
318 878 575 926 disciplinam
594 877 709 926 sequi
728 889 813 914 non
834 876 1010 914 desisto.'

311 944 369 981 At
390 941 616 981 Uilfridus‘2
635 957 644 980 ;
679 942 897 989 ‘Constat,’
917 941 1062 990 inquit,
1092 941 1359 978 ‘Anatolium
1380 941 1516 978 uirum

258 1008 570 1055 sanctissimum,
588 1008 882 1054 doctissimum,
899 1020 943 1045 ac
959 1007 1079 1044 laude
1100 1020 1187 1044 esse
1203 1007 1491 1056 dignissimum
1509 1021 1517 1054 ;

258 1073 327 1111 sed
349 1073 445 1123 quid
465 1073 582 1111 uobis
601 1086 694 1111 cum
714 1073 794 1121 illo,
820 1086 913 1110 cum
934 1085 1009 1109 nec
1029 1072 1114 1109 eius
1134 1072 1293 1110 decreta
1313 1072 1483 1110 seruetis
1498 1074 1518 1110 ⁸?

259 1139 339 1176 Ille
381 1139 492 1176 enim
539 1139 581 1176 in
628 1139 776 1188 pascha
822 1152 896 1176 suo
933 1138 1118 1187 regulam
1156 1138 1296 1187 utique
1335 1138 1519 1175 ueritatis

259 1217 444 1253 sequens,
470 1204 666 1242 circulum
689 1205 728 1241 X
756 1206 797 1242 et
816 1204 954 1242 VIIII
983 1217 1188 1241 annorum
1217 1203 1362 1251 posuit,
1394 1216 1518 1252 quem

258 1283 332 1308 uos
350 1272 421 1308 aut
440 1270 644 1320 ignoratis,
661 1271 732 1308 aut
750 1270 937 1318 agnitum
953 1271 992 1307 et
1012 1282 1034 1307 a
1053 1271 1139 1307 tota
1152 1271 1163 1287 ²²
1185 1269 1336 1307 Christi
1351 1269 1518 1307 ecclesia

259 1336 507 1373 custoditum
536 1349 609 1384 pro
634 1335 764 1373 nihilo
794 1335 1066 1374 contemnitis.
1127 1334 1206 1372 Ille
1231 1335 1286 1372 sic
1306 1335 1348 1372 in
1368 1334 1518 1383 pascha

259 1401 462 1439 dominico
492 1401 682 1439 XIIIIam
710 1401 854 1439 lunam
884 1400 1133 1449 conputauit,
1166 1402 1212 1438 ut
1240 1401 1347 1438 hanc
1375 1401 1517 1438 eadem

258 1467 344 1516 ipsa
364 1467 428 1504 die
449 1480 562 1505 more
581 1467 879 1516 Aegyptiorum
900 1466 1030 1504 XVam
1050 1467 1195 1504 lunam
1223 1466 1273 1504 ad
1303 1479 1517 1514 uesperam

259 1545 345 1570 esse
370 1532 576 1571 fateretur.
636 1533 701 1571 Sic
730 1533 829 1570 item
858 1533 993 1570 XXam
1023 1532 1086 1570 die
1115 1532 1318 1570 dominico
1347 1531 1519 1580 paschae

258 1598 481 1647 adnotauit,
518 1601 563 1636 ut
596 1599 702 1637 hanc
736 1599 936 1637 declinata
969 1599 1111 1636 eadem
1146 1599 1210 1636 die
1244 1611 1330 1636 esse
1361 1597 1518 1635 XXpffi

260 1664 450 1703 crederet.
512 1665 636 1703 Cuius
674 1665 858 1714 regulam
896 1664 1170 1702 distinctionis
1203 1677 1277 1701 uos
1314 1664 1520 1712 ignorasse

260 1729 414 1778 probat,
458 1730 580 1779 quod
611 1730 824 1779 aliquoties
870 1730 1019 1779 pascha
1055 1729 1387 1767 manifestissime
1424 1730 1520 1766 ante

260 1794 547 1843 plenilunium,
580 1795 620 1834 id
651 1798 711 1834 est
740 1796 783 1833 in
812 1796 947 1833 XIII*
975 1796 1084 1843 luna,
1118 1795 1258 1833 facitis.
1317 1795 1377 1832 De
1406 1796 1521 1843 patre

259 1862 398 1898 autem
436 1863 573 1899 uestro
612 1861 813 1900 Columba
850 1862 890 1899 et
927 1861 1165 1911 sequacibus
1203 1861 1300 1908 eius,
1344 1873 1520 1909 quorum

260 1927 516 1964 sanctitatem
536 1940 610 1965 uos
630 1927 791 1975 imitari,
817 1928 857 1965 et
877 1927 1061 1976 regulam
1080 1940 1125 1964 ac
1145 1928 1359 1975 praecepta
1379 1926 1521 1964 caeles-

259 1991 370 2030 tibus
417 1993 543 2042 signis
591 1993 832 2031 confirmata
880 1992 995 2041 sequi
1041 1991 1275 2041 perhibetis,
1328 2004 1490 2040 possem
1507 1994 1519 2011 ⁴

259 2058 503 2106 respondere
523 2072 532 2106 ;
563 2059 655 2107 quia
674 2058 819 2096 multis
838 2058 881 2095 in
903 2058 1048 2096 iudicio
1069 2057 1297 2095 dicentibus
1325 2057 1514 2105 Domino,

261 2124 368 2172 quod
406 2124 449 2161 in
486 2124 655 2162 nomine
693 2124 779 2161 eius
810 2123 1184 2173 prophetauerint5,
1228 2124 1268 2161 et
1307 2123 1519 2161 daemonia

261 2189 451 2227 eiecerint
464 2190 486 2237 ⁶,
511 2192 551 2228 et
580 2190 756 2227 uirtutes
784 2190 936 2227 multas
964 2189 1144 2236 fecerint,
1168 2202 1438 2237 responsurus
1467 2189 1519 2226 sit

261 2254 475 2303 Dominus,
507 2255 600 2304 quia
628 2268 858 2305 numquam
887 2268 954 2293 eos
983 2255 1154 2293 nouerit.
1216 2254 1295 2293 Sed
1324 2254 1439 2302 absit,
1473 2256 1519 2292 ut

262 2319 338 2357 hoc
364 2321 414 2358 de
440 2321 623 2369 patribus
655 2321 802 2359 uestris
829 2321 972 2369 dicam,
997 2321 1092 2370 quia
1120 2320 1267 2358 iustius
1296 2320 1430 2357 multo
1458 2321 1519 2357 est

261 2385 310 2422 de
338 2386 555 2435 incognitis
580 2387 737 2424 bonum
766 2387 926 2425 credere
954 2400 1077 2436 quam
1106 2386 1275 2425 malum.
1338 2386 1460 2424 Unde
1480 2388 1520 2423 et

262 2450 355 2488 illos
385 2452 460 2489 Dei
490 2452 665 2490 famulos
695 2465 739 2490 ac
770 2452 856 2490 Deo
887 2452 1054 2491 dilectos
1080 2465 1166 2490 esse
1197 2466 1282 2490 non
1309 2465 1424 2502 nego,
1449 2452 1519 2501 qui

304 2547 315 2564 ¹
338 2550 459 2580 contra
475 2550 516 2581 B.
659 2549 671 2567 ²
693 2551 832 2582 uuil-O.
979 2550 990 2569 ³
1013 2552 1087 2582 toto
1102 2551 1149 2582 M.
1303 2549 1314 2566 ⁴
1338 2551 1470 2590 possim
1482 2550 1519 2581 C.

263 2600 273 2617 ⁵
296 2603 396 2632 —runt
410 2601 450 2641 N,
464 2605 528 2633 (md
543 2613 573 2633 so
590 2605 799 2642 thesollowz'nq
814 2606 908 2635 verbs.
1027 2603 1039 2621 ⁶
1062 2603 1211 2634 iecerint
1228 2603 1262 2633 M
1281 2613 1288 2641 3
1311 2603 1460 2633 eicerint
1477 2602 1518 2633 Β.

1541 949 1645 983 Reply
1659 951 1694 977 of

1539 988 1683 1019 wilfrid.
