1803 2887
333 158 416 197 244
688 159 736 199 H
739 157 893 200 istoria
927 157 1234 199 Ecclesiastica
1428 165 1513 206 [LG.
1533 168 1588 199 IV.

330 271 496 310 habitus
529 286 551 310 a
585 274 765 322 praefato
802 273 988 311 antistite
1022 273 1238 312 Ussf1·ido¹.
1299 275 1401 312 Post
1431 286 1587 311 annum

101 339 274 407 ᾓῗρδεῆΐ
331 351 428 374 uero
454 338 539 387 ipsa
566 340 669 376 facta
698 342 758 377 est
788 340 991 377 abbatissa
1019 340 1062 377 in
1092 340 1267 388 regione,
1293 353 1395 388 quae
1419 340 1588 377 uocatur

103 396 196 462 rifn'le
211 420 247 445 of
331 402 457 451 Elge'2
475 419 483 451 ;
514 404 583 441 ubi
604 408 837 443 constructo
861 405 1110 442 monasterio
1131 405 1342 453 uirginum
1367 405 1452 442 Deo
1473 405 1588 441 deuo-

102 457 280 525 {ffil‘sffissen
331 470 465 507 tarum
505 470 761 519 perplurium
804 472 935 508 mater
975 471 1100 519 uirgo,
1151 472 1190 507 et
1238 469 1436 518 exemplis
1478 469 1588 507 uitae

331 535 513 572 caelestis
541 549 627 573 esse
656 538 787 585 coepit
811 538 850 573 et
878 536 1056 574 monitis.
1119 536 1180 573 De
1201 549 1280 585 qua
1303 535 1452 581 ferunt,
1478 534 1582 583 quia,

330 613 379 636 ex
400 613 479 648 quo
499 602 795 639 monasterium
815 601 944 650 petiit,
965 614 1192 650 numquam
1214 601 1343 647 lineis,
1361 601 1431 638 sed
1451 600 1585 637 solum

329 661 460 699 laneis
498 664 759 701 uestimentis
803 664 865 701 uti
904 664 1106 710 uoluerit;
1153 677 1322 712 raroque
1363 663 1407 700 in
1446 662 1586 700 calidis

329 724 494 772 balneis,
532 729 690 775 praeter
722 726 1024 763 inminentibus
1063 725 1318 763 sollemniis3
1350 725 1580 770 maioribus,

329 792 445 829 uerbi
492 792 621 841 gratia
668 793 849 841 paschae,
892 794 1156 840 pentecostes.
1206 791 1415 840 epifaniae,
1458 791 1585 829 lauari

328 857 525 904 uoluerit;
556 866 597 895 et
627 860 726 895 tunc
755 858 978 895 nouissima
1008 857 1206 901 omnium,
1240 857 1336 894 lotis
1364 856 1478 905 prius
1512 870 1585 894 suo

327 935 576 972 suarumque
618 923 903 961 ministrarum
949 923 1140 971 obsequio
1183 923 1338 968 ceteris,
1381 935 1483 970 quae
1526 922 1584 959 ibi

327 990 474 1032 essent,
495 989 661 1026 famulis
683 989 837 1027 Christi
855 1003 862 1035 ;
894 1002 983 1026 raro
1002 990 1161 1036 praeter
1180 988 1334 1025 maiora
1353 987 1580 1031 sollemnia,

326 1054 392 1090 uel
420 1054 610 1091 artiorem
634 1055 927 1096 necessitatem,
953 1054 1045 1102 plus
1075 1067 1196 1102 quam
1225 1054 1350 1091 semel
1378 1067 1450 1102 per
1475 1053 1582 1091 diem

326 1119 660 1167 manducauerit;
709 1133 880 1168 semper,
920 1119 952 1156 si
1000 1133 1084 1157 non
1101 1120 1111 1137 ⁴
1158 1119 1379 1156 infirmitas
1423 1119 1585 1168 grauior

324 1185 609 1232 prohibuisset,
649 1199 698 1222 ex
732 1187 915 1234 tempore
948 1185 1175 1222 matutinae
1209 1198 1418 1234 synaxeos,
1455 1198 1583 1234 usque

323 1249 371 1286 ad
395 1252 530 1287 ortum
558 1250 648 1293 diei,
673 1250 716 1287 in
744 1250 909 1288 ecclesia
938 1250 1124 1298 precibus
1150 1250 1312 1288 intenta
1334 1250 1579 1299 persteterit.

325 1315 431 1352 Sunt
459 1315 594 1362 etiam,
627 1316 697 1364 qui
720 1316 867 1361 dicant,
894 1315 989 1364 quia
1014 1329 1085 1364 per
1113 1315 1349 1364 prophetiae
1375 1315 1577 1364 spiritum.

324 1382 364 1417 et
395 1380 687 1428 pestilentiam,
715 1394 793 1429 qua
826 1381 914 1430 ipsa
944 1383 1048 1418 esset
1081 1381 1289 1427 moritura,
1323 1381 1577 1429 praedixerit,

323 1448 363 1482 et
394 1459 615 1484 numerum
651 1460 813 1495 quoque
846 1460 997 1493 eorum,
1035 1446 1103 1495 qui
1144 1446 1193 1483 de
1228 1460 1301 1483 suo
1335 1447 1584 1484 monasterio

323 1510 396 1547 hac
432 1514 568 1549 essent
607 1512 656 1549 de
689 1512 844 1549 mundo
879 1511 1073 1560 rapiendi,
1112 1512 1247 1560 palam
1281 1511 1438 1549 cunctis
1470 1525 1582 1560 prae-

323 1577 508 1615 sentibus
535 1578 799 1615 intimauerit.
861 1578 989 1625 Rapta
1019 1578 1080 1613 est
1109 1579 1248 1614 autem
1277 1577 1326 1614 ad
1356 1577 1582 1615 Dominum

95 1654 274 1682 Herdeath
322 1642 364 1679 in
396 1643 530 1680 medio
561 1657 740 1687 suorum,
768 1645 859 1692 post
890 1656 1021 1680 annos
1047 1642 1144 1689 VH,
1170 1656 1218 1679 ex
1248 1656 1326 1691 quo
1354 1642 1582 1681 abbatissae

322 1708 494 1755 gradum
529 1710 787 1756 susceperam
822 1711 862 1745 et
899 1720 1034 1756 aeque,
1074 1713 1119 1744 ut
1158 1707 1245 1755 ipsa
1282 1707 1466 1751 iusserat,
1498 1721 1581 1745 non

321 1772 419 1810 alibi
467 1787 589 1821 quam
628 1774 670 1810 in
719 1773 854 1811 medio
903 1786 1054 1820 eorum,
1099 1773 1213 1810 iuxta
1260 1773 1458 1819 ordinem,
1502 1786 1581 1822 quo

322 1839 549 1885 transierat,
574 1839 711 1887 ligneo
733 1840 776 1876 in
798 1838 942 1876 locello
963 1838 1130 1886 sepulta.

377 1904 452 1942 Cui
481 1905 673 1942 successit
707 1905 750 1941 in
782 1903 1057 1941 ministerium
1092 1903 1314 1941 abbatissae
1348 1917 1461 1941 soror
1494 1905 1581 1941 eius

321 1971 547 2019 Sexburg⁵,
586 1984 709 2018 quam
739 1970 933 2007 habuerat
963 1969 1007 2006 in
1036 1969 1251 2017 coniugem
1285 1970 1582 2007 Earconberct⁰

322 2050 390 2073 rex
408 2035 735 2073 Cantuariorum.
778 2036 830 2073 Et
844 2048 938 2072 cum
955 2034 1131 2072 sedecim
1146 2035 1267 2072 annis
1284 2037 1390 2072 esset
1405 2035 1574 2084 sepulta,

92 2114 280 2157 anun-ans-
320 2101 475 2150 placuit
502 2101 636 2138 eidem
662 2100 890 2138 abbatissae
913 2100 1039 2137 leuari
1066 2113 1155 2137 ossa
1179 2100 1278 2147 eius,
1304 2102 1344 2138 et
1370 2100 1415 2137 in
1436 2100 1578 2138 locello

94 2153 205 2180 latum.
322 2180 429 2204 nouo
444 2166 575 2215 posita
590 2167 633 2203 in
650 2166 859 2204 ecclesiam
876 2166 1087 2203 transferri
1104 2180 1111 2213 ;
1140 2166 1339 2214 iussitque
1351 2167 1363 2186 7
1381 2167 1576 2215 quosdam

322 2246 342 2270 e
368 2232 566 2270 fratribus
596 2245 787 2280 quaerere
808 2231 997 2280 lapidem,
1023 2232 1072 2269 de
1093 2245 1172 2280 quo
1187 2234 1197 2247 ’“’
1221 2232 1415 2269 locellum
1435 2232 1479 2269 in
1503 2232 1577 2269 hoc

320 2298 448 2334 facere
488 2299 682 2346 possent3
723 2297 794 2346 qui
833 2310 998 2334 ascensa
1037 2296 1142 2343 naui,
1185 2296 1274 2345 ipsa
1312 2297 1424 2334 enim
1468 2297 1577 2346 regio

323 2363 443 2414 {Elge
463 2363 644 2411 undique
661 2366 722 2400 est
736 2362 853 2411 aquis
872 2376 915 2400 ac
931 2362 1149 2411 paludibus
1170 2362 1426 2409 circumdata,
1444 2376 1577 2412 neque
1600 2374 1621 2401 f.
1639 2376 1674 2402 86
1688 2384 1715 2403 a.

322 2429 476 2477 lapides
503 2427 677 2465 maiores
704 2428 838 2474 habet,
863 2429 1069 2465 uenerunt
1093 2428 1142 2465 ad
1167 2427 1425 2465 ciuitatulam
1451 2442 1576 2476 quan-

364 2523 373 2541 1
397 2524 486 2553 uuil-
506 2524 542 2554 C.
602 2523 614 2540 ²
638 2523 734 2562 elgae
752 2524 788 2554 C.
840 2525 851 2539 ³²
874 2524 945 2553 -nis
964 2523 1008 2554 M.
1028 2522 1076 2554 0¹.
1141 2521 1151 2538 ⁴
1177 2524 1246 2552 nisi
1265 2522 1314 2554 0¹.
1382 2524 1392 2541 ⁵
1416 2533 1510 2554 saex-
1527 2524 1578 2560 O;

320 2579 506 2618 saecburcg
522 2579 565 2610 N.
667 2578 678 2595 ὓ
701 2578 912 2609 erconberht
930 2579 967 2609 C.
1056 2576 1066 2593 ⁷
1090 2579 1246 2617 iusitque
1264 2578 1309 2609 M.
1411 2577 1421 2594 ⁸
1445 2588 1513 2618 qua
1530 2578 1577 2609 M.
