1803 2887
302 158 387 198 290
660 154 869 195 Historia
899 153 1206 195 Ecclesiastica
1416 161 1503 202 [Lm.
1518 165 1558 194 V.

301 271 407 310 mihi
436 271 523 320 ipse
552 270 757 320 optimum
787 268 1040 318 donauerat),
1068 281 1327 318 nequaquam
1357 269 1562 318 inpetrare

302 337 428 387 potui.

363 400 469 440 ‘At1
498 414 592 438 cum
622 399 782 448 saepius
812 399 892 436 huc
921 400 1043 447 atque
1072 398 1181 446 illuc,
1207 400 1414 447 spectante
1435 412 1501 436 me
1521 401 1561 436 et

306 468 504 517 episcopo,
529 465 740 503 concitatis
766 465 810 501 in
832 477 997 501 cursum
1022 463 1138 512 equis
1164 466 1494 511 reuerterentur3
1523 465 1563 501 et

305 534 393 582 ipse
414 532 567 569 lasciuo
593 532 808 579 superatus
832 529 972 567 animo
1001 542 1083 566 non
1104 542 1172 566 me
1195 529 1311 578 potui
1327 528 1340 548 ²
1361 529 1559 576 cohibere⁷

306 599 386 645 sed,
424 596 669 646 prohibente
708 595 803 632 licet
837 594 920 643 illo,
954 594 1195 631 ludentibus
1232 608 1299 632 me
1331 594 1488 641 miscui,
1524 596 1564 631 et

307 663 433 701 simul
450 675 569 699 cursu
591 661 683 710 equi
700 660 944 698 contendere
960 659 1084 707 coepi.
1138 659 1254 707 Quod
1270 660 1369 697 dum
1386 671 1560 708 agerem,

307 728 447 766 audiui
468 727 589 764 illum
610 728 701 775 post
723 728 884 774 tergum
904 724 1008 761 mihi
1034 737 1129 761 cum
1149 724 1305 773 gemitu
1333 724 1536 762 dicentem
1557 737 1565 761 ε

312 795 336 812 “
351 794 383 831 O
406 806 530 842 quam
550 805 748 841 magnum
769 804 842 828 uae
862 790 960 827 facis
980 788 1085 826 mihi
1105 789 1162 826 sic
1182 789 1402 838 equitando
1419 790 1427 827 !
1444 789 1465 804 '³
1513 789 1567 826 Et

309 872 382 908 ego
413 858 594 903 audiens,
629 856 903 894 nihilominus
933 855 1085 903 coeptis
1112 854 1248 892 institi
1274 854 1423 892 uetitis.
1484 853 1568 891 Nec

310 936 432 970 mora,
458 923 558 960 dum
578 922 742 959 feruens
763 934 893 970 equus
913 920 1119 969 quoddam
1139 919 1324 957 itineris3
1343 932 1569 957 concauum

310 988 536 1027 ualentiore
570 987 727 1035 impetu
759 985 992 1033 transiliret,
1029 985 1195 1034 lapsus⁴¹
1228 984 1370 1032 decidi,
1404 986 1444 1022 et
1474 997 1570 1022 mox

311 1054 427 1092 uelut
464 1052 668 1090 emoriens
706 1065 874 1089 sensum
913 1051 1077 1099 penitus
1119 1051 1364 1098 motumque
1403 1062 1570 1087 omnem

312 1119 480 1169 perdidi.
541 1118 640 1155 Erat
660 1130 839 1166 namque
860 1117 932 1153 illo
948 1116 992 1153 in
1013 1116 1100 1153 loco
1121 1115 1227 1164 lapis
1242 1117 1372 1153 terrae
1392 1114 1571 1164 aequalis

313 1186 499 1223 obtectus
523 1183 675 1231 cespite
702 1182 827 1229 tenui,
862 1195 995 1230 neque
1024 1181 1136 1219 ullus
1163 1179 1166 1231 Ι
1193 1181 1296 1218 alter
1323 1181 1366 1218 in
1390 1182 1476 1218 tota
1500 1180 1572 1218 illa

314 1250 447 1299 campi
467 1249 640 1298 planitie
653 1249 665 1267 5
685 1247 788 1296 lapis
808 1246 987 1284 inueniri
1007 1248 1166 1295 poterat
1183 1261 1192 1294 ;
1223 1259 1398 1295 casuque
1417 1246 1568 1293 euenit,

315 1316 381 1353 uel
401 1315 538 1364 potius
559 1313 702 1351 diuina
721 1312 955 1362 prouisione
971 1313 1020 1350 ad
1041 1312 1295 1361 puniendam
1316 1311 1572 1349 inoboedien-

314 1381 394 1419 tiae
427 1393 542 1417 meae
580 1379 753 1428 culpam,
793 1380 839 1416 ut
877 1378 988 1415 hunc
1027 1377 1156 1426 capite
1193 1390 1238 1414 ac
1277 1390 1414 1421 manu,
1451 1390 1574 1426 quam

315 1446 438 1495 capiti
476 1457 600 1482 ruens
643 1444 948 1493 subposueram,
989 1447 1211 1491 tangerem,
1249 1444 1370 1491 atque
1403 1442 1575 1479 infracto

316 1511 462 1561 pollice
500 1510 644 1558 capitis
683 1522 845 1559 quoque
883 1509 1072 1546 iunctura
1111 1508 1367 1555 solueretur5
1406 1509 1447 1545 et
1485 1520 1571 1556 ego,

316 1579 363 1615 ut
396 1576 490 1624 dixi,
528 1575 769 1613 simillimus
801 1575 963 1612 mortuo
994 1574 1146 1611 fierem.
1207 1573 1261 1611 Et
1297 1572 1390 1622 quia
1420 1573 1577 1610 moueri

317 1656 401 1680 non
430 1642 627 1691 poteram,
651 1640 918 1678 tetenderunt
941 1639 1092 1677 ibidem
1117 1638 1378 1687 papilionem,
1403 1638 1447 1675 in
1473 1638 1578 1687 quo6

316 1708 500 1746 iacerem.
562 1706 661 1743 Erat
680 1707 820 1743 autem
840 1705 940 1743 hora
963 1703 1043 1742 diei
1063 1704 1223 1741 circiter
1249 1703 1432 1752 septima,
1455 1716 1478 1741 a
1498 1716 1577 1752 qua

317 1773 367 1812 ad
401 1785 616 1821 uesperam
653 1771 807 1820 usque⁷
842 1770 1006 1819 quietus
1038 1771 1079 1807 et
1118 1769 1233 1818 quasi
1267 1770 1456 1806 mortuus
1488 1782 1576 1818 per-

318 1851 503 1885 manenS,
545 1839 643 1875 tunc
681 1836 897 1885 paululum
935 1834 1146 1882 reuiuisoo,
1188 1834 1374 1883 ferorque
1407 1835 1577 1872 domum

319 1918 343 1942 a
382 1904 513 1951 sociis,
555 1917 600 1941 ac
634 1903 785 1941 tacitus
821 1904 908 1940 tota
945 1902 1065 1939 nocte
1102 1901 1289 1949 perduro.
1348 1900 1577 1938 Uomebam

320 1972 459 2007 autem
481 1969 735 2018 sanguinem,
760 1982 806 2006 eo
830 1967 938 2017 quod
966 1968 1005 2004 et
1028 1966 1237 2004 interanea
1264 1967 1400 2002 essent
1422 1965 1578 2003 ruendo

321 2035 527 2074 conuulsa.
579 2036 638 2072 At
659 2034 872 2082 episcopus
894 2031 1138 2082 grauissime
1159 2031 1208 2068 de
1232 2043 1325 2068 casu
1345 2032 1386 2068 et
1406 2030 1577 2068 interitu

320 2114 412 2138 meo
432 2100 607 2147 dolebat,
628 2112 674 2137 eo
695 2099 802 2147 quod
823 2112 890 2135 me
911 2096 1076 2146 speciali
1091 2095 1277 2145 diligeret
1296 2095 1444 2133 affectu
1465 2109 1474 2142 ;
1504 2108 1578 2132 nec

322 2166 455 2203 uoluit
472 2167 590 2202 nocte
610 2165 681 2201 illa
701 2165 816 2201 iuxta
831 2176 990 2200 morem
1010 2175 1103 2200 cum
1119 2161 1274 2198 clericis
1295 2160 1380 2197 suis
1399 2173 1576 2207 manere,

322 2244 468 2269 uerum
503 2231 616 2268 solus
648 2229 690 2266 in
727 2229 907 2266 oratione
945 2227 1168 2277 persistens
1209 2227 1374 2264 noctem
1409 2225 1580 2264 ducebat

323 2295 576 2345 peruigilem⁷
601 2308 673 2344 pro
694 2308 795 2341 mea,
819 2295 865 2332 ut
886 2306 986 2341 reor,
1011 2292 1204 2341 sospitate
1220 2303 1419 2340 supernae
1438 2290 1581 2339 pietati

324 2360 566 2409 supplicans.
628 2361 682 2397 Et
703 2373 824 2397 mane
842 2359 976 2408 primo
1002 2358 1212 2407 ingressus
1232 2357 1281 2394 ad
1306 2369 1383 2404 me,
1408 2369 1453 2394 ac
1474 2355 1580 2394 dicta

324 2438 444 2474 super
472 2439 539 2463 me
563 2425 759 2469 oratione,
781 2424 942 2462 uocauit
969 2437 1035 2461 me
1061 2422 1229 2461 nomine
1258 2434 1360 2469 me0‚
1395 2422 1436 2459 et
1465 2421 1581 2470 quasi

368 2534 376 2551 ¹
401 2536 436 2564 et
453 2534 487 2565 O.
587 2532 598 2550 ²
621 2534 736 2573 potuit
753 2534 787 2564 C.
809 2534 868 2574 HI.
884 2531 939 2563 D¹.
1029 2532 1040 2549 ³
1065 2531 1214 2562 iteneris
1231 2531 1276 2562 M.
1296 2531 1331 2562 G.
1422 2528 1434 2547 4
1459 2531 1503 2560 -si
1521 2529 1578 2561 M1.

323 2587 334 2604 ⁵
357 2587 431 2617 -tiae
449 2586 493 2617 M.
585 2585 597 2602 ⁶
620 2596 688 2625 qua
707 2586 750 2616 M.
842 2583 853 2601 ⁷
877 2595 986 2624 usque
1003 2584 1047 2614 ad
1063 2594 1158 2623 uesp.
1178 2583 1217 2615 B.

1595 1187 1617 1215 f.
1637 1195 1684 1221 103
1700 1195 1727 1213 a.
1780 1179 1781 1182 ¹
