1803 2887
62 2180 81 2206 f.
102 2188 170 2208 ΠΒ,

712 161 888 199 auctore
913 157 1078 199 Βαείῖα.
1442 160 1523 201 371

267 274 425 320 poterat
453 272 646 319 laborem,
677 273 784 310 socia
813 270 1095 310 dilectissimi¹
1119 271 1417 310 commilitonis
1446 274 1527 311 uir-

266 338 356 374 tute
382 337 516 375 leuius
534 338 667 376 ferret.
729 338 814 375 Nec
841 338 891 375 ab
921 351 963 375 re
991 337 1182 375 uideatur
1211 337 1401 386 cuiquam
1433 339 1528 376 duos

265 414 389 440 unum
413 405 687 441 ‘monasterium
710 402 837 440 simul
859 402 1044 441 habuisse
1069 402 1247 440 abbates.
1308 402 1420 440 Fecit
1448 403 1525 440 hoc

266 468 460 517 frequens
481 469 595 507 illius
614 482 684 518 pro
703 471 927 508 monasterii
949 469 1128 507 utilitate
1147 469 1354 518 profectio,
1386 469 1527 506 creber

264 536 380 571 trans
406 534 410 583 1
436 547 633 572 oceanum
653 548 861 585 aegressus
874 535 1134 584 incertusque
1149 547 1364 583 regressus.
1417 534 1526 572 Nam

265 601 305 636 et
334 599 621 638 beatissimum
655 601 828 639 Petrum
858 600 1089 649 apostolum
1120 601 1275 637 Romae
1311 599 1527 648 pontifices

264 664 340 701 sub
361 677 404 702 se
424 665 526 703 duos
548 679 621 715 per
644 666 831 704 ordinem
858 666 908 703 ad
935 665 1157 715 regendam
1177 665 1414 702 aecclesiam
1435 678 1525 702 con-

263 730 455 778 stituisse,
489 744 607 769 causa
637 732 819 770 instante
849 731 1085 775 necessaria,
1118 731 1289 768 tradunt
1316 730 1520 768 historiae.

262 795 317 832 Et
336 796 422 844 ipse
443 810 619 846 magnus
644 797 767 835 abbas
794 797 1056 843 Benedictus
1081 797 1184 834 sicut
1209 796 1258 833 de
1282 795 1353 832 illo
1381 795 1524 832 beatus

260 872 365 908 papa
393 861 614 911 Gregorius
636 863 787 905 scribit,
817 861 969 900 XHcim
995 862 1161 900 abbates
1187 861 1272 899 suis
1297 860 1519 908 discipulis,

261 929 383 973 prout
411 927 512 965 utile
540 928 747 970 iudicauit,
772 929 861 966 sine
889 928 1068 966 caritatis
1098 927 1359 974 detrimento,
1393 926 1522 963 immo

262 1004 335 1039 pro
356 995 577 1042 augmento
598 994 777 1032 caritatis
795 993 998 1042 praefecit.

318 1058 351 1094 8.
386 1058 571 1107 Suscepit
595 1059 722 1108 igitur
748 1062 1000 1097 memoratus
1027 1059 1090 1096 uir
1118 1071 1255 1096 curam
1283 1057 1522 1095 monasterii

260 1124 439 1172 regendi,
463 1137 573 1162 nono
591 1138 640 1162 ex
660 1138 740 1174 quo
766 1125 985 1162 fundatum
1015 1126 1077 1162 est·
1103 1137 1222 1162 anno.
1285 1123 1521 1161 Permansit

260 1187 303 1225 in
334 1188 403 1226 eas2
430 1203 559 1238 usque
588 1191 637 1228 ad
666 1190 827 1228 obitum
857 1203 979 1227 suum
1008 1191 1128 1227 annis
1152 1191 1356 1239 quattuor,
1381 1189 1446 1226 uir
1470 1189 1520 1227 ad

260 1255 493 1293 saeculum³
532 1256 691 1297 nobilis.
734 1256 804 1294 sed
852 1256 1013 1305 insigne
1061 1255 1291 1293 nobilitatis
1338 1268 1423 1293 non
1471 1255 1520 1293 ad

260 1320 477 1358 iactantiae
505 1321 732 1368 materiem,
767 1323 813 1359 ut
843 1321 1021 1370 quidam,
1050 1321 1399 1370 despectumque⁴²
1427 1320 1523 1358 alio-

260 1399 364 1427 rum.
400 1387 470 1424 sed
508 1387 557 1425 ad
597 1388 803 1434 maiorem,
838 1390 884 1425 ut
923 1387 1001 1424 Dei
1034 1398 1203 1425 seruum
1233 1387 1358 1433 decet,
1392 1386 1522 1424 animi

260 1451 518 1490 nobilitatem
539 1455 793 1491 conuertens.
855 1453 1061 1490 Patruelis
1087 1453 1237 1502 quippe
1259 1455 1344 1490 erat
1364 1452 1522 1490 abbatis

260 1517 325 1555 sui
360 1518 585 1566 Benedicti,
624 1519 693 1556 sed
727 1518 944 1556 amborum
975 1521 1090 1556 tanta
1119 1519 1356 1567 ingenuitas
1369 1518 1392 1564 ⁵,
1426 1517 1523 1555 talis

260 1583 492 1621 mundanae
530 1583 799 1633 ingenuitatis
829 1584 909 1621 fuit
940 1597 1013 1633 pro
1051 1584 1207 1621 nichilo
1242 1585 1516 1631 contemptus,

259 1650 306 1686 ut
344 1661 476 1697 neque
513 1649 591 1687 iste
628 1649 929 1687 monasterium
967 1649 1186 1699 ingressus,
1221 1649 1403 1698 aliquem
1442 1647 1521 1686 sibi

258 1727 356 1763 prae
385 1714 529 1752 ceteris
561 1715 611 1752 ob
640 1715 842 1753 intuitum
872 1715 1244 1764 consanguinitatis
1272 1718 1343 1753 aut
1373 1714 1520 1752 nobili-

258 1779 355 1817 tatis
375 1779 573 1818 honorem
590 1781 880 1829 quaerendum,
903 1794 1037 1829 neque
1057 1781 1128 1818 ille
1141 1782 1152 1800 ‘³
1173 1783 1335 1829 putaret
1353 1780 1520 1818 offeren-

258 1845 388 1892 dum;
437 1846 506 1883 sed
550 1846 707 1895 aequali
751 1860 845 1883 cum
888 1846 1083 1884 fratribus
1130 1846 1245 1883 lance
1292 1846 1392 1883 boni
1433 1858 1520 1894 pro-

256 1910 380 1959 positi
422 1911 585 1949 iuuenis
623 1911 872 1960 gloriabatur
911 1925 953 1949 se
991 1911 1220 1961 regularem
1263 1925 1336 1960 per
1378 1911 1519 1949 omnia

257 1988 418 2014 seruare
447 1976 718 2025 disciplinam.
780 1978 833 2014 Et
862 1977 1028 2026 quidem
1051 1990 1145 2015 cum
1166 1977 1309 2014 fuisset
1329 1976 1519 2014 minister

256 2042 456 2091 AEcgfridi
492 2042 607 2091 regis,
650 2042 802 2080 relictis
849 2042 976 2080 semel
1017 2042 1193 2092 negotiis
1237 2043 1518 2090 saecularibus,

256 2107 453 2156 depositis
489 2107 625 2154 armis,
669 2110 881 2157 assumpta
927 2108 1079 2146 militia
1126 2108 1310 2156 spiritali,
1353 2110 1518 2147 tantum

255 2173 409 2211 mansit
464 2173 648 2221 humilis,
705 2173 975 2222 fratrumque
1030 2173 1272 2211 simillimus
1327 2174 1514 2221 aliorum,

254 2239 324 2275 ut?
355 2239 554 2277 uentilare
585 2252 679 2277 cum
714 2239 772 2277 eis
806 2241 846 2277 et
884 2239 1087 2286 triturare,
1121 2252 1219 2276 oues
1256 2239 1516 2289 uitulasque8

254 2303 450 2353 mulgere,
484 2304 529 2341 in
563 2304 747 2353 pistrino,
781 2304 826 2341 in
859 2306 958 2351 orto,
991 2304 1036 2341 in
1065 2304 1251 2353 coquina,
1285 2304 1329 2342 in
1359 2306 1517 2344 cunctis

253 2369 491 2407 monasterii
536 2370 727 2419 operibus
773 2370 973 2408 iocundus
1013 2372 1054 2408 et
1092 2369 1286 2407 obediens
1322 2371 1516 2419 gauderet

300 2476 308 2493 ¹
333 2477 519 2508 lectissimi
536 2483 576 2509 Δ.
635 2477 647 2494 ²
670 2488 709 2508 eo
728 2479 770 2508 D.
788 2478 848 2515 H2.
866 2479 902 2508 P.
918 2477 954 2508 C.
969 2478 1010 2509 B.
1024 2479 1060 2508 F.
1127 2477 1138 2495 ³
1161 2478 1207 2508 ad
1224 2487 1309 2508 saec.
1324 2488 1383 2509 om.
1396 2478 1437 2509 D.
1453 2478 1513 2518 ΗΞ.

255 2529 292 2559 Ρ.
307 2529 344 2560 Ο.
357 2529 395 2560 B.
410 2529 447 2560 F.
507 2529 518 2546 ⁴
535 2530 804 2570 dispectumque
818 2530 878 2568 H„
892 2529 945 2561 ΔΙ.
1005 2531 1016 2548 ⁵
1033 2531 1165 2561 mentis
1177 2531 1250 2570 ing.
1265 2530 1295 2560 D
1316 2530 1469 2570 H2.P.C.
1480 2531 1519 2561 F.

255 2581 266 2599 ὃ
289 2581 394 2612 illum
413 2586 451 2611 Δ.
600 2579 611 2597 ⁷
635 2583 674 2612 ut
692 2593 748 2612 om.
767 2582 809 2613 D.
826 2582 889 2622 ΗΞ.
906 2582 944 2613 Ρ.
961 2582 996 2614 C.
1014 2582 1056 2613 B.
1073 2583 1110 2614 F.
1267 2581 1279 2599 ⁸
1302 2582 1438 2622 -losque
1456 2582 1516 2622 H2.

824 2637 938 2676 Bbz

1545 1064 1724 1092 Character

1545 1104 1582 1148 of·
1592 1104 1720 1132 Eoster-

1544 1152 1637 1172 wme.
