1803 2887
81 1388 141 1413 His
158 1388 265 1416 death.

322 154 405 194 242
681 155 887 197 Historia
918 154 1225 196 Ecclesia-[stica
1417 161 1502 201 [Lm.
1522 162 1578 195 JV.

320 269 576 319 Romamque
603 271 764 308 rediens
793 271 970 310 referret.
1032 272 1137 309 Nam
1168 274 1207 309 et
1236 272 1441 321 synodum
1470 269 1578 308 beati

318 348 445 384 papae
461 336 641 382 Martini,
659 340 825 375 centum
844 337 1027 387 quinque
1047 337 1329 386 episcoporum
1351 350 1550 375 consensu
1564 334 1576 354 ³

319 414 402 439 non
423 403 556 440 multo
576 405 671 441 ante
691 405 844 442 Romae
859 405 1114 452 celebratam,
1136 406 1275 442 contra
1296 418 1363 441 eos
1383 404 1572 449 maxime,

318 468 386 516 qui
407 483 533 506 unam
560 470 603 507 in
630 471 792 509 Christo
819 472 1094 520 operationem
1123 473 1163 508 et
1186 470 1442 507 uoluntatem
1468 482 1577 518 prae-

317 533 517 581 dicabant,
550 534 553 583 Ι
580 549 717 573 secum
750 537 922 575 ueniens
954 537 1131 584 adtulit;
1165 539 1288 586 atque
1317 537 1361 573 in
1397 535 1576 585 praefato

317 599 615 648 religiosissimi
648 602 806 640 abbatis
841 603 1056 641 Benedicti
1086 602 1337 640 monasterio
1367 599 1577 639 transscri-

316 664 493 703 bendam
542 668 828 706 commodauit.
910 668 1027 706 Tales
1075 681 1251 717 namque
1297 681 1344 705 eo
1391 669 1577 715 tempore

315 730 440 768 fidem
471 733 947 782 Constantinopolitanae
980 733 1169 771 ecclesiae
1199 733 1381 771 multum
1416 733 1576 770 contur-

313 795 570 845 bauerunt²;
609 799 678 835 sed
719 799 898 837 Domino
938 799 1144 837 donante3
1175 799 1326 848 proditi
1358 798 1441 836 iam
1474 800 1575 836 tunc

313 863 354 898 et
374 861 475 900 uicti
495 865 603 901 sunt.
665 864 787 902 Unde
806 865 950 902 uolens
970 865 1134 913 Agatho
1155 878 1267 913 papa,
1293 863 1398 901 sicut
1418 863 1461 901 in
1483 862 1575 900 aliis

314 927 546 974 prouinciis,
584 929 642 967 ita
675 930 800 968 etiam
832 931 875 967 in
906 930 1110 968 Brittania
1139 930 1271 979 qualis
1303 932 1409 967 esset
1442 930 1575 966 status

313 992 515 1041 ecclesiae,
548 1007 670 1043 quam
704 995 753 1032 ab
787 995 1061 1033 hereticorum
1094 994 1291 1043 contagiis
1321 996 1466 1041 castus,
1495 993 1574 1031 edi-

313 1068 432 1104 scere,
466 1058 542 1095 hoc
586 1060 798 1108 negotium
839 1060 1173 1098 reuerentissimo
1214 1059 1349 1097 abbati
1393 1057 1573 1096 Iohanni

311 1121 560 1160 Brittaniam
595 1125 798 1162 destinato
836 1125 1030 1163 iniunxit.
1091 1125 1365 1172 Quamobrem
1405 1124 1573 1161 collecta

310 1199 382 1234 pro
413 1188 489 1225 hoc
520 1189 566 1227 in
599 1190 805 1229 Brittania
834 1192 999 1240 synodo,
1030 1205 1152 1241 quam
1183 1190 1373 1228 diximus.
1402 1190 1572 1227 inuenta

309 1253 370 1289 est
407 1253 451 1290 in
491 1254 684 1292 omnibus
717 1255 819 1292 fides
857 1256 1057 1293 inuiolata
1095 1254 1316 1302 catholica3
1347 1254 1571 1302 datumque

309 1318 372 1355 illi
392 1319 405 1337 ‘¹
425 1320 634 1368 exemplar
655 1320 742 1358 eius
763 1321 937 1359 Romam
958 1321 1258 1370 perferendum.

365 1383 522 1421 Uerum
543 1384 614 1422 ille
639 1385 811 1434 patriam
837 1388 1058 1427 reuertens,
1084 1400 1168 1423 non
1192 1386 1326 1423 multo
1351 1387 1569 1434 postquam

308 1462 507 1487 oceanum
547 1450 724 1497 transiit⁷
767 1453 954 1500 arreptus
991 1452 1235 1490 infirmitate
1273 1465 1317 1489 ac
1352 1452 1569 1489 defunctus

308 1515 369 1551 est
389 1529 397 1561 ;
428 1528 656 1564 corpusque
681 1515 768 1552 eius
793 1515 842 1552 ab
870 1516 1012 1554 amicis
1039 1517 1203 1565 propter
1228 1528 1409 1553 amorem
1436 1515 1567 1553 sancti

307 1579 485 1626 Martini,
512 1580 627 1617 cuius
652 1580 903 1618 monasterio
929 1582 1119 1629 praeerat,
1150 1580 1326 1617 Turonis
1342 1580 1354 1598 ⁵
1384 1580 1566 1618 delatum

306 1646 428 1693 atque
472 1645 697 1682 honorifice
742 1646 979 1694 sepultum6
1025 1647 1096 1683 est.
1154 1645 1261 1683 Nam
1305 1646 1343 1683 et
1386 1645 1566 1695 benigno

306 1709 497 1748 ecclesiae
516 1710 632 1747 illius
655 1710 844 1759 hospitio,
871 1724 964 1748 cum
990 1710 1240 1748 Brittaniam
1261 1710 1347 1757 iret,
1374 1712 1566 1758 exceptus

304 1776 376 1821 est,
402 1776 648 1824 rogatusque
675 1775 856 1812 multum
881 1789 904 1813 a
932 1775 1139 1821 fratribus,
1164 1776 1209 1812 ut
1235 1775 1410 1812 Romam
1437 1788 1566 1812 reuer-

304 1841 397 1877 tens
413 1840 435 1887 ⁷,
471 1840 544 1877 illo
582 1840 731 1877 itinere
764 1840 937 1887 ueniret⁷
975 1841 1097 1888 atque
1134 1840 1184 1877 ad
1219 1853 1309 1876 eam
1344 1839 1564 1878 diuerteret

306 1905 544 1952 ecclesiam3
593 1905 770 1954 denique
804 1905 959 1943 ibidem
993 1905 1198 1943 adiutores
1234 1904 1394 1942 itineris
1433 1907 1473 1943 et
1507 1905 1564 1943 in-

306 1969 438 2007 iuncti
460 1970 594 2020 operis
613 1970 775 2019 accepit.
820 1970 898 2018 Qui
919 1970 993 2008 etsi
1015 1970 1059 2007 in
1079 1970 1226 2007 itinere
1249 1970 1466 2008 defunctus
1487 1974 1559 2018 est,

304 2035 578 2073 nihilominus
625 2036 861 2085 exemplum
918 2035 1138 2073 catholicae
1185 2035 1281 2073 fidei
1329 2036 1563 2084 Anglorum

304 2101 479 2138 Romam
508 2101 712 2150 perlatum
743 2103 814 2148 est,
839 2103 961 2150 atque
987 2101 1036 2138 ab
1063 2101 1284 2150 apostolico
1307 2114 1410 2150 papa
1437 2101 1563 2139 omni-

303 2165 470 2215 busque,
515 2166 584 2215 qui
626 2166 792 2204 audiere
838 2167 904 2203 uel
950 2166 1093 2214 legere,
1135 2166 1441 2215 gratantissime
1479 2179 1563 2204 sus-

303 2232 480 2279 ceptum.

346 2329 354 2346 1
380 2339 543 2360 consessu
561 2330 598 2360 C.
725 2329 736 2346 ²
762 2332 861 2360 -runt
878 2333 986 2360 altered
1002 2334 1027 2360 to
1045 2332 1139 2360 -rant
1158 2330 1202 2360 M.
1317 2329 1328 2347 ³
1352 2331 1499 2360 iuuante
1517 2330 1558 2361 N.

300 2381 311 2398 ⁴
335 2384 388 2412 cst
404 2382 458 2412 illi
476 2382 511 2413 C.
616 2382 627 2399 ⁵
650 2382 785 2412 toronis
800 2382 858 2413 Μ’.
876 2383 906 2412 N
925 2407 931 2413 .
1019 2383 1030 2399 ὃ
1054 2384 1125 2413 -tus
1142 2382 1186 2413 M.
1270 2382 1280 2399 7
1307 2383 1494 2413 deuertens
1511 2382 1557 2413 M.

1600 543 1621 571 f.
1639 545 1672 578 85
1687 553 1713 571 a.
