1803 2887
46 907 145 933 Fame
161 904 197 931 of

47 945 176 973 Oswald
191 944 226 970 in

47 985 217 1017 Germany

46 1024 113 1052 and

47 1063 189 1090 Ireland.

55 1882 83 1909 A
98 1881 233 1909 miracle

55 1922 90 1949 in
106 1921 247 1949 Ireland.

270 151 351 191 152
623 148 831 190 Historia
861 146 1167 189 Ecclesiastiea
1355 153 1441 194 [Lm.
1460 155 1519 185 111.

268 264 473 314 suspendi.
536 264 624 312 Quo
653 265 743 313 post
772 277 929 301 annum
955 260 1200 301 deueniens¹
1231 273 1324 298 cum
1348 259 1523 297 exercitu

269 343 473 368 successor
493 329 610 378 regni
630 329 719 367 eius
745 328 870 367 Osuiu
893 328 1062 365 abstulit
1082 341 1137 374 ea,
1161 329 1201 365 et
1220 328 1339 375 caput
1359 325 1525 374 quidem

269 395 313 432 in
343 395 555 445 cymiterio
586 393 959 432 Lindisfarnensis²
990 392 1188 439 ecclesiae,
1219 392 1263 429 in
1294 391 1401 440 regia
1431 403 1526 428 uero

272 461 436 498 ciuitate
455 473 603 498 manus
623 473 715 497 cum
736 459 913 497 brachiis
933 458 1125 496 condidit.

764 628 882 666 CAP.
917 627 1041 665 XIII.

367 741 403 769 Ut
420 741 454 768 in
471 740 623 768 Hibernia
642 741 681 768 sit
698 741 824 775 quidcem
837 749 893 775 per
909 741 1055 774 reliquias
1071 740 1137 767 eius
1159 748 1177 767 (ι
1196 739 1302 767 mortis
1317 738 1445 767 (ινίῖειιῖο

822 794 990 821 reuocatus.

330 892 418 931 NEC
439 892 573 930 solum
588 892 732 942 inclyti
752 892 859 930 fama
878 892 957 929 uiri
972 891 1200 929 Brittaniae
1219 891 1323 929 fines
1342 890 1536 929 lustrauit

275 959 502 1005 uniuersos
523 959 592 996 sed
609 958 733 996 etiam
747 960 860 995 trans
876 971 1072 995 oceanum
1088 957 1208 1007 longe
1223 956 1378 994 radios3
1399 955 1537 994 saluti·

276 1025 383 1062 ferae
422 1024 525 1061 lucis
564 1037 768 1072 spargens,
809 1023 1049 1061 Germaniae
1083 1023 1208 1060 simul
1239 1025 1278 1060 et
1312 1021 1536 1059 Hiberniae

277 1092 411 1139 partes
431 1089 576 1138 attigit.
639 1089 826 1137 Denique
853 1088 1206 1126 reuerentissimus
1231 1087 1403 1125 antistes
1428 1087 1538 1124 Acca

278 1155 381 1193 solet
415 1155 573 1201 referre,
612 1154 715 1203 quia7
755 1167 849 1191 cum
888 1154 1063 1191 Romam
1092 1154 1257 1200 uadens,
1291 1154 1397 1202 apud
1429 1165 1539 1190 sanc-

278 1221 488 1258 tissimum
510 1220 736 1257 Fresonum
752 1219 886 1268 gentis
905 1219 1253 1268 archiepiscopum
1269 1218 1539 1257 Uilbrordum

280 1299 375 1324 cum
413 1299 486 1323 suo
524 1285 710 1322 antistite
749 1284 930 1323 Uilfrido
977 1287 1213 1332 moraretur,
1258 1285 1397 1322 crebro
1442 1296 1538 1320 eum

280 1351 453 1390 audierit
480 1351 529 1389 de
554 1350 763 1392 mirandis,
795 1364 896 1399 quae
924 1350 973 1387 ad
1003 1350 1193 1398 reliquias
1222 1350 1404 1387 eiusdem
1429 1361 1538 1386 reue-

281 1416 506 1455 rentissimi
526 1417 632 1465 regis
652 1416 696 1453 in
721 1416 792 1453 illa
815 1415 1025 1465 prouincia
1045 1418 1155 1464 gesta
1176 1416 1340 1462 fuerint,
1361 1427 1534 1452 narrare.

282 1483 362 1521 Sed
386 1485 426 1520 et
452 1483 521 1520 in4
548 1482 749 1519 Hibernia
776 1495 868 1519 cum
896 1482 1108 1530 presbyter
1127 1482 1258 1518 adhuc
1282 1480 1540 1530 peregrinam

281 1562 353 1598 pro
377 1550 539 1586 aeterna
567 1547 696 1596 patria
726 1548 887 1585 duceret
914 1547 1054 1589 uitam,
1079 1560 1285 1584 rumorem
1313 1546 1543 1583 sanctitatis

283 1615 396 1652 illius
424 1614 467 1651 in
497 1627 543 1651 ea
572 1626 732 1662 quoque
762 1613 897 1650 insula
925 1613 1046 1662 longe
1076 1613 1238 1661 lateque
1272 1612 1354 1649 iam
1387 1624 1541 1660 percre-

282 1680 441 1718 bruisse
460 1679 613 1717 ferebat
631 1693 639 1726 3
670 1692 690 1715 e
707 1679 854 1727 quibus
868 1692 1008 1726 unum,
1027 1679 1133 1727 quod
1154 1678 1262 1716 inter
1277 1678 1353 1715 alia
1368 1677 1538 1724 rettulit,

283 1745 530 1783 miraculum
578 1744 783 1794 praesenti
829 1746 993 1782 nostrae
1039 1743 1230 1781 historiae
1277 1743 1543 1781 inserendum

283 1811 540 1849 credidimus.

344 1877 564 1925 ‘Tempore
579 1876 602 1924 5,

611 1877 619 1891 5

650 1876 797 1925 inquit,
837 1876 1128 1924 ‘mortalitatis‚
1165 1889 1266 1925 quae
1295 1874 1544 1913 Brittaniam

284 1942 612 1991 Hiberniamque
631 1942 713 1979 lata
740 1943 872 1991 strage
901 1942 1088 1989 uastauit,
1118 1955 1332 1990 percussus
1358 1942 1419 1978 est
1445 1940 1544 1978 eius-

285 2009 380 2046 dem
418 2008 530 2045 clade
568 2007 695 2056 pestis
732 2007 841 2045 inter
877 2007 977 2044 alios
1015 2007 1249 2044 scolasticus
1287 2006 1456 2055 quidam
1495 2006 1545 2043 de

286 2087 433 2124 genere
455 2074 699 2119 Scottorum,
718 2073 861 2110 doctus
878 2073 1043 2121 quidem
1064 2072 1128 2109 uir
1143 2071 1278 2109 studio
1297 2072 1541 2119 litterarum,

287 2140 356 2178 sed
378 2152 471 2188 erga
488 2152 627 2176 curam
647 2140 864 2187 perpetuae
879 2151 974 2176 suae
990 2137 1228 2175 saluationis
1248 2137 1354 2174 nihil
1375 2136 1546 2174 omnino

287 2204 414 2243 studii
435 2206 474 2241 et
505 2204 732 2242 industriae
759 2217 913 2253 gerens.
975 2203 1168 2251 Quicum
1196 2216 1237 2240 se
1264 2202 1388 2241 morti
1413 2202 1546 2251 proxi-

287 2283 406 2308 mum
426 2270 593 2318 uideret,
615 2269 760 2307 timere
781 2269 910 2318 coepit
931 2271 970 2307 et
989 2282 1146 2318 pauere,
1171 2282 1222 2306 ne
1242 2281 1339 2305 mox
1358 2269 1548 2305 mortuus

290 2336 340 2373 ob
387 2336 535 2373 merita
580 2335 780 2373 scelerum
827 2336 877 2373 ad
924 2334 1074 2372 inferni
1112 2334 1288 2372 claustra
1325 2334 1544 2382 raperetur,

290 2401 564 2450 clamauitque
583 2414 660 2449 me,
678 2415 771 2439 cum
792 2414 923 2438 essem
946 2401 990 2438 in
1005 2400 1155 2438 uicinia
1167 2400 1179 2419 ⁶
1198 2400 1366 2449 positus,
1386 2401 1426 2437 et
1441 2398 1550 2436 inter

334 2521 344 2538 ¹
370 2523 519 2553 ueniens
536 2522 581 2554 M.
674 2521 687 2541 2
711 2522 912 2562 -parnensis
928 2523 970 2554 N.
1063 2521 1074 2538 ³
1098 2522 1196 2552 radio
1213 2521 1258 2552 M.
1349 2520 1359 2538 ⁴
1382 2522 1421 2551 in
1431 2531 1488 2551 om.
1503 2520 1549 2551 M.

291 2575 303 2593 ⁵
325 2577 382 2605 The
395 2578 513 2612 chapter
526 2577 628 2613 beylns
639 2577 705 2605 here
718 2577 752 2604 in
768 2575 803 2605 C.
817 2574 871 2605 W.
888 2574 928 2604 D.
948 2574 1033 2613 01—4.
1053 2574 1148 2614 00-11.
1161 2573 1217 2605 &Q
1277 2572 1289 2590 ⁶
1312 2573 1432 2604 uicina
1444 2572 1490 2604 M.
1503 2572 1546 2604 N.
