1803 2887
250 141 326 171 CAP.
347 139 454 179 V111.]
649 132 801 174 Gentis
833 132 867 172 A
878 132 1102 186 uolonum.
1423 132 1504 172 295

250 259 391 283 eorum
430 246 545 284 uiuet
582 247 626 284 in
671 246 953 296 generationes
994 249 1034 284 et
1076 245 1389 295 generationes.’
1447 246 1506 284 Ut

250 311 363 349 enim
382 311 562 349 breuiter
587 312 729 359 dicam,
758 313 922 349 tantum
948 312 1153 360 profectus
1181 310 1378 359 spiritalis
1405 313 1506 348 tem—

249 390 346 425 pore
374 377 630 425 praesulatus
658 377 772 414 illius
801 376 1034 425 Anglorum
1066 376 1267 423 ecclesiae⁷
1302 378 1506 424 quantum

249 455 477 491 numquam
497 445 617 480 antea
636 444 814 491 potuere,
835 443 1031 490 ceperunt
1048 440 1068 479 ¹.
1130 441 1255 478 Cuius
1275 454 1503 489 personam,

249 507 390 554 uitam,
421 509 606 555 aetatem,
631 510 671 545 et
700 508 868 555 obitum,
894 506 1151 556 epitaphium
1181 519 1341 555 quoque
1368 519 1509 543 monu-

249 572 380 609 menti
408 573 536 621 ipsius
569 572 757 610 uersibus
794 572 968 610 heroicis
1006 572 1129 609 XXX
1166 574 1206 609 et
1242 571 1338 609 1111
1373 571 1508 620 palam

248 650 293 674 ac
325 638 458 676 lucide
489 638 646 675 cunctis
679 638 752 675 illo
786 637 1104 676 aduenientibus
1131 637 1276 686 pandit
1293 651 1302 684 ;
1332 650 1508 686 quorum

247 702 371 751 primi
391 706 489 741 sunt
509 703 554 740 hi
573 718 581 741 :

300 769 381 806 Hic
407 768 537 806 saeer²
566 770 609 806 in
639 770 770 806 tumba
791 772 938 817 pausat
966 780 1053 806 eum
1081 780 1227 816 empore
1247 768 1415 815 praesul,

358 834 474 882 Quem
503 847 605 872 nune
634 835 870 872 Theodorum
899 836 1033 882 linqua
1061 835 1224 881 Pelasya
1252 837 1372 871 uocat.

301 899 482 947 Princeps
501 901 742 947 pontificum,
768 901 869 947 felix
894 911 1140 947 summusque
1168 899 1339 937 sacerdos

356 966 544 1012 Limpe'da
573 966 771 1014 discipulis
800 967 978 1014 dogmata
1006 966 1194 1003 disseruit.

303 1029 454 1067 Ultimi
473 1032 612 1068 autem
631 1031 675 1068 hi
695 1045 703 1069 :

301 1096 479 1144 Namque
507 1097 607 1134 diem
634 1098 962 1135 nonamdecimam,
986 1096 1197 1145 September
1223 1096 1392 1142 habebat,

358 1162 454 1200 Cum
483 1163 611 1200 earnis
638 1164 806 1201 claustra
832 1164 992 1210 spiritus
1020 1163 1218 1210 eyrede'tur.

301 1226 424 1265 Alma
452 1240 574 1265 nouae
601 1229 788 1266 scandens
802 1229 904 1275 felix
931 1229 1120 1266 consortia
1147 1228 1262 1274 uitae,

358 1293 517 1332 Ciuibus
546 1295 728 1342 angyeliee's
758 1295 910 1331 iunctus
938 1295 979 1331 in
1009 1305 1094 1331 aree
1115 1294 1208 1341 poli.

304 1358 506 1396 Successit
543 1361 684 1396 autem
722 1359 935 1397 Theodoro
972 1359 1017 1396 in
1056 1359 1332 1407 episcopatum
1371 1357 1509 1395 Berct-

249 1423 343 1461 uald
358 1424 380 1471 3,
405 1424 476 1472 qui
497 1425 581 1462 erat
601 1424 725 1462 abbas
745 1425 789 1461 in
809 1424 1068 1471 monasterio,
1095 1423 1203 1472 quod
1224 1423 1339 1461 iuxta
1358 1423 1511 1460 ostium

249 1489 482 1538 aquilonale
501 1490 687 1527 fluminis
709 1490 916 1528 Genladae
932 1491 944 1509 4
970 1490 1164 1539 positum,
1189 1488 1387 1526 Racuulfe
1410 1501 1513 1525 nun-

249 1556 449 1603 cupatur;
488 1555 552 1593 uir
585 1558 626 1593 et
663 1556 750 1605 ipse
788 1555 960 1593 scientia
994 1555 1288 1604 scripturarum
1326 1553 1507 1600 inbutus,

250 1621 319 1658 sed
341 1622 381 1658 et
401 1621 683 1659 ecclesiasticis
700 1621 823 1659 simul
843 1634 886 1659 ac
903 1620 1263 1660 monasterialibus
1283 1618 1512 1668 disciplinis

250 1695 412 1721 summe
438 1684 678 1731 instructus,
703 1685 868 1722 tametsi
894 1677 1216 1733 praedecessor?
1237 1696 1310 1720 suo
1336 1681 1513 1719 minime

251 1750 560 1798 conparandus3
592 1749 662 1798 qui
692 1750 845 1787 electus
872 1751 934 1787 est
963 1749 1130 1798 quidem
1159 1748 1203 1785 in
1233 1748 1514 1797 episcopatum

251 1826 360 1852 anno
404 1815 631 1852 dominicae
678 1814 974 1853 incarnationis
1021 1814 1167 1853 DCXC
1216 1814 1404 1860 secundo,
1449 1812 1515 1850 die

251 1880 384 1930 primo
414 1880 569 1918 mensis
598 1881 708 1928 Iulii,
745 1881 1013 1930 regnantibus
1042 1880 1085 1917 in
1117 1879 1262 1919 Cantia
1296 1878 1517 1916 Uictredo⁶

252 1946 291 1981 et
309 1944 557 1982 Suaebhardo
570 1944 582 1963 ⁷
600 1958 608 1991 3
639 1944 850 1981 ordinatus
865 1946 1004 1981 autem
1018 1943 1029 1961 ⁸
1049 1956 1158 1980 anno
1175 1943 1370 1991 sequente
1391 1940 1514 1979 tertio

253 2008 319 2047 die
339 2009 621 2046 Kalendarum
637 2009 840 2046 Iuliarum
862 2008 1065 2046 dominica
1086 2021 1109 2045 a
1129 2007 1318 2046 Goduine
1331 2008 1343 2026 ⁹
1363 2008 1513 2044 metro-

251 2074 436 2124 politano
474 2075 661 2123 episcopo
701 2075 959 2122 Galliarum3
1003 2076 1044 2112 et
1083 2073 1189 2111 sedit
1226 2073 1270 2110 in
1308 2073 1402 2110 sede
1440 2084 1513 2110 sua

251 2140 381 2189 pridie
406 2140 689 2178 Kalendarum
717 2139 1024 2189 Septembrium
1048 2138 1277 2186 dominica3
1307 2138 1375 2187 qui
1404 2139 1513 2176 inter

252 2205 417 2254 multos,
453 2218 556 2255 quos
589 2205 798 2243 ordinauit
831 2205 1038 2243 antistites
1054 2204 1087 2252 ¹⁰,
1112 2204 1236 2241 etiam
1267 2204 1513 2242 Gebmundo

254 2270 472 2309 Hrofensis
499 2270 688 2308 ecclesiae
717 2270 903 2320 praesule
928 2270 1133 2315 defuncto,
1159 2270 1327 2308 Tobiam
1349 2282 1422 2319 pro
1442 2269 1513 2307 illo

299 2406 309 2423 ¹
334 2416 430 2445 coep·
447 2404 505 2436 M¹.
525 2405 561 2436 C.
695 2403 708 2421 ²
731 2404 890 2435 sacerdos
906 2404 954 2434 M.
1074 2404 1086 2422 3
1111 2404 1228 2434 berht-
1246 2403 1272 2434 C
1287 2413 1294 2441 ;
1318 2403 1455 2433 bereth—
1473 2403 1514 2433 N.

257 2457 268 2475 ⁵
291 2458 347 2488 -de
365 2458 399 2488 C.
418 2458 458 2489 N.
553 2458 565 2475 ⁵
590 2457 850 2497 depraecessori
868 2456 912 2486 M.
932 2456 981 2494 Hl
997 2466 1004 2494 3
1021 2458 1056 2486 in
1072 2456 1112 2486 B.
1138 2465 1234 2495 prae·
1252 2458 1280 2485 z's
1297 2458 1415 2485 written
1431 2457 1519 2485 abore

258 2513 304 2540 the
319 2512 388 2540 line.
507 2507 518 2525 ⁶
540 2507 722 2540 ui¹c'tredo
739 2508 775 2539 M
792 2519 800 2541 z
824 2506 1035 2538 uidh'tredo
1052 2508 1093 2539 N.
1209 2506 1220 2523 ⁷
1246 2506 1465 2549 suebheardo
1481 2506 1517 2537 C.

260 2562 271 2580 ⁸
293 2564 346 2592 est
362 2563 482 2592 autem
499 2561 534 2592 G.
626 2561 637 2578 ⁹
663 2571 723 2591 -no
740 2561 765 2591 C
782 2571 790 2599 ;
813 2560 953 2600 gadune
970 2560 1011 2591 N.
1105 2558 1127 2576 ¹⁰
1150 2559 1299 2590 antistes
1317 2558 1360 2589 M.
1380 2559 1419 2589 B.
1438 2558 1495 2596 Hl.

1536 1363 1701 1391 Bertwald

1536 1403 1695 1431 succeeds.
