1803 2887
317 169 401 208 228
678 167 727 208 H
729 167 884 208 istoria
915 167 1222 209 Ecclesiastiea
1411 174 1497 214 [Lm.
1515 176 1572 206 IV.

316 282 441 321 Cuius
471 282 726 331 episcopatus
756 284 941 331 tempore
970 282 1141 320 deuictis
1166 284 1289 331 atque
1308 282 1456 320 amotis
1485 281 1574 320 sub·

316 347 478 396 regulis,
504 346 744 386 Caedualla¹
769 347 946 396 suscepit
966 347 1198 396 imperium,
1221 349 1271 395 et,
1297 360 1390 384 cum
1416 347 1573 384 duobus

315 413 435 450 annis
483 413 559 450 hoc
606 413 817 460 tenuisset,
855 413 1023 450 tandem
1063 412 1230 461 superni
1273 412 1389 461 regni
1436 425 1573 449 amore

315 481 569 526 conpunctus
597 478 775 527 reliquit,
810 479 953 516 eodem
983 478 1115 515 adhuc
1145 477 1331 526 praesule
1361 477 1572 515 ecclesiam

314 543 569 592 gubernante
589 557 597 590 3
627 556 671 580 ac
691 543 866 580 Romam
885 543 1034 590 abiens,
1060 543 1117 580 ibi
1137 543 1267 580 uitam
1288 542 1436 590 finiuit,
1462 544 1508 580 ut
1529 542 1573 579 in

314 607 584 656 sequentibus
605 607 729 645 latius
750 608 970 646 dicendum
992 610 1063 646 est.

86 675 243 720 Ethelred
259 676 295 703 of
367 672 521 710 Anno²
554 675 692 710 autem
722 673 950 711 dominicae
980 673 1272 710 incarnationis
1302 672 1567 719 DCLXXVI,

85 715 221 790 ἒξῗῗξέἓς
313 751 407 775 cum
435 738 629 775 Aedilred
644 738 656 758 3
677 751 747 775 rex
774 739 1029 785 Merciorum,
1061 739 1236 775 adducto
1260 738 1442 787 maligno
1467 750 1572 775 exer-

84 794 185 867 ssgnt’
203 804 269 822 ¹³³³·
313 803 407 850 citu,
433 803 622 842 Cantiam
654 805 832 841 uastaret
862 806 901 841 et
929 803 1117 841 ecclesias
1143 817 1187 841 ac
1214 803 1461 841 monasteria
1482 803 1571 840 sine

313 870 499 917 respectu
527 869 691 917 pietatis
720 869 787 906 uel
817 869 948 906 diuini
977 869 1140 906 timoris
1162 870 1328 916 fedaret,
1360 869 1571 906 ciuitatem

313 947 474 983 quoque
503 934 634 981 Hrofi,
659 934 702 971 in
733 947 811 983 qua
839 937 923 972 erat
950 935 1102 972 Putta4
1127 934 1350 983 episcopus,
1379 933 1570 983 quamuis

312 1011 358 1036 eo
387 1000 572 1047 tempore
601 999 758 1046 absens,
794 999 1007 1037 communi
1036 999 1149 1037 clade
1178 999 1391 1037 absumsit.
1453 998 1568 1046 Quod

310 1064 382 1101 ille
419 1065 490 1102 ubi
533 1065 744 1113 conperiit,
790 1065 1003 1103 ecclesiam
1043 1065 1234 1103 uidelicet
1282 1078 1399 1102 suam
1447 1064 1571 1101 rebus

310 1130 458 1168 ablatis
477 1130 670 1168 omnibus
697 1131 997 1179 depopulatam,
1023 1131 1193 1168 diuertit
1220 1131 1269 1168 ad
1297 1129 1570 1169 Sexuulfum⁵

310 1196 555 1233 Merciorum
585 1196 827 1243 antistitem,
866 1198 906 1233 et
943 1199 1106 1245 accepta
1142 1197 1192 1234 ab
1231 1210 1277 1234 eo
1316 1195 1569 1245 possessione

310 1261 500 1298 ecclesiae
533 1261 747 1299 cuiusdam
783 1263 821 1298 et
852 1261 971 1311 agelli
1007 1275 1091 1299 non
1125 1261 1301 1311 grandis,
1336 1262 1490 1299 ibidem
1524 1260 1568 1298 in

310 1339 406 1375 pace
438 1326 570 1364 uitam
602 1326 750 1374 finiuit,
790 1327 850 1364 nil
883 1327 1054 1365 omnino
1086 1328 1135 1365 de
1170 1327 1459 1364 restaurando6
1491 1326 1569 1375 epi·

310 1394 475 1440 scopatu
490 1405 564 1429 suo
578 1405 703 1441 agens
720 1407 728 1439 3
759 1393 864 1441 quia,
886 1393 991 1431 sicut
1012 1395 1051 1431 et
1066 1395 1075 1397 “
1092 1406 1212 1441 supra
1229 1392 1419 1440 diximus,
1438 1392 1568 1442 magis

310 1457 354 1494 in
383 1457 664 1495 ecclesiasticis
691 1471 814 1506 quam
846 1458 890 1495 in
921 1459 1143 1496 mundanis
1172 1459 1292 1495 rebus
1322 1459 1407 1495 erat
1428 1458 1570 1495 indus-

309 1522 439 1569 trius;
487 1523 555 1560 sed
594 1522 636 1560 in
675 1523 747 1560 illa
789 1524 924 1561 solum
963 1524 1130 1561 ecclesia
1168 1524 1254 1561 Deo
1293 1523 1485 1570 seruiens,
1529 1525 1569 1561 et

309 1587 559 1637 ubicumque
593 1588 820 1637 rogabatur,
859 1589 907 1627 ad
944 1589 1125 1626 docenda
1164 1588 1354 1626 ecclesiae
1389 1588 1569 1626 carmina

310 1653 530 1691 diuertens.
602 1653 684 1691 Pro
731 1667 811 1703 quo
858 1655 1096 1692 Theodorus
1142 1654 1187 1691 in
1235 1654 1399 1691 ciuitate
1448 1653 1568 1691 Hrofi

82 1724 219 1758 Bishops
233 1724 270 1751 0f
311 1719 625 1757 Cuichelmum8
657 1720 910 1758 consecrauit
944 1720 1191 1769 episcopum.
1254 1720 1333 1757 Sed
1368 1720 1439 1758 illo
1477 1722 1569 1769 post

82 1764 268 1792 Roohester.
311 1797 395 1821 non
411 1787 422 1802 ‘·'
442 1785 625 1822 multum
644 1785 840 1834 temporis
855 1799 950 1834 prae
965 1786 1102 1834 inopia
1117 1799 1254 1823 rerum
1268 1786 1318 1823 ab
1334 1785 1568 1834 episcopatu

310 1849 539 1897 decedente,
564 1852 687 1899 atque
713 1851 762 1888 ad
793 1851 871 1889 alia
900 1851 987 1888 loca
1015 1851 1239 1899 secedente,
1272 1851 1568 1889 Gebmundum

308 1927 382 1963 pro
403 1928 448 1952 eo
470 1915 685 1953 substituit
705 1916 946 1954 antistitem.

84 1995 203 2022 (mmet.
364 1981 488 2018 Anno
506 1980 531 2000 ¹⁰
565 1982 793 2019 dominicae
820 1981 1110 2019 incarnationis
1140 1982 1455 2029 DOLXXVIII,
1495 1981 1566 2031 qui

310 2047 371 2082 est
397 2058 532 2083 annus
565 2045 727 2095 imperii
752 2046 858 2096 regis
885 2046 1106 2096 Ecgfridi¹¹
1136 2046 1259 2084 VIII.
1280 2046 1316 2094 ¹²,
1347 2045 1350 2097 l
1377 2046 1566 2096 apparuit
1586 2055 1607 2083 f.
1625 2058 1662 2084 80
1677 2057 1703 2084 b.

308 2123 450 2148 mense
475 2112 664 2160 Augusto
694 2112 823 2158 stella,
855 2125 957 2160 quae
982 2112 1130 2149 dicitur
1155 2114 1311 2150 cometa
1331 2126 1339 2159 ;
1370 2114 1410 2150 et
1434 2112 1567 2150 tribus

308 2176 520 2214 mensibus
552 2190 808 2225 permanens,
845 2177 1062 2215 matutinis
1095 2177 1208 2215 horis
1246 2178 1461 2225 oriebatur,
1504 2190 1566 2215 ex-

308 2238 459 2276 celsam
489 2239 686 2277 radiantis
712 2240 901 2278 flammae
928 2240 1044 2289 quasi
1064 2239 1298 2278 columnam
1318 2240 1560 2288 praeferens.

353 2336 362 2353 ¹
387 2337 484 2367 cead-
497 2337 534 2368 C.
624 2337 635 2354 ²
659 2338 719 2376 ΗΧ.
737 2338 798 2378 ΗΖ.
809 2339 863 2376 Al.
876 2341 962 2369 7)ιαῖιέ
979 2349 998 2368 α
1009 2349 1073 2368 view
1086 2341 1205 2375 chapter
1216 2342 1302 2376 beyin
1319 2342 1395 2370 here.
1477 2337 1488 2355 ³
1511 2350 1565 2370 ae-

308 2389 368 2418 bil·
387 2389 424 2419 C.
549 2389 560 2408 4
585 2389 687 2429 pinta
705 2390 747 2421 N.
879 2390 890 2407 ⁵
913 2400 1003 2421 saec-
1020 2391 1059 2420 Ν·
1078 2401 1085 2428 ;
1111 2401 1204 2420 saex-
1221 2391 1264 2421 N*
1281 2402 1288 2429 ς
1312 2391 1509 2422 saexulfum
1527 2392 1564 2424 C.

308 2439 319 2456 ⁶
341 2443 432 2470 -rato
448 2440 494 2471 M.
642 2440 653 2457 ⁷
677 2444 711 2471 et
727 2453 786 2472 om.
804 2442 850 2472 M.
991 2441 1002 2457 ⁸
1026 2443 1122 2481 quic·
1140 2443 1176 2473 C.
1317 2443 1329 2461 ⁹
1352 2454 1422 2473 non
1439 2454 1499 2475 om.
1517 2445 1563 2476 M.

308 2491 328 2509 ¹⁰
355 2494 378 2521 T
377 2497 411 2521 he
427 2495 561 2529 capitula
576 2496 612 2531 of
622 2494 689 2524 AS.
710 2497 797 2524 malfe
813 2505 831 2524 α
849 2505 912 2524 new
933 2497 1052 2532 chapter
1067 2505 1230 2525 commence
1246 2498 1312 2526 here
1329 2506 1336 2533 ;
1359 2499 1423 2526 and
1445 2507 1477 2526 so
1501 2497 1562 2537 ΗΞ.

308 2543 359 2581 R,.
385 2544 472 2581 Og-⁴.
489 2546 588 2585 ΟΒ-10
604 2546 661 2577 &nn
729 2544 752 2561 ¹¹
776 2547 902 2577 ecfridi
919 2547 967 2583 C;
991 2547 1118 2589 egfridi
1136 2547 1178 2578 N.
1285 2546 1311 2566 ¹²
1336 2550 1402 2588 Paet
1427 2550 1560 2589 nig05e‚

306 2599 329 2626 i.
341 2608 365 2626 e.
384 2606 499 2626 nonus
516 2597 581 2628 AS.
