1803 2887
234 164 311 196 CAP.
327 164 423 194 XXII
436 160 609 203 [XX1v].]
673 153 825 197 Gentis
856 154 1126 209 Awgylorum.
1405 158 1490 199 259

231 270 532 318 conpunctione
569 270 801 320 conpositis,
847 271 890 309 in
934 284 1016 317 sua,
1060 271 1102 310 id
1141 275 1202 311 est
1240 273 1485 323 Anglorum.

229 336 372 386 lingua
391 337 600 386 proferret.
659 338 785 376 Cuius
811 338 1063 376 carminibus
1091 339 1318 377 multorum
1343 339 1486 388 saepe¹

228 402 358 439 animi
384 404 433 441 ad
460 406 716 442 contemtum
747 404 908 452 saeculi,
934 405 975 442 et
998 405 1227 453 appetitum
1258 407 1356 442 sunt
1379 405 1489 442 uitae

228 467 411 506 caelestis
448 469 617 507 accensi.
678 469 733 506 Et
768 469 934 518 quidem
973 471 1013 507 et
1051 469 1121 507 alii
1159 471 1252 519 post
1285 470 1408 507 illum
1441 470 1487 507 in

226 535 348 581 gente
377 533 611 582 Anglorum
639 534 829 584 religiosa
858 537 1046 583 poemata
1074 535 1206 573 facere
1226 535 1484 583 temtabant;

227 598 297 636 sed
325 598 328 639 Ι
354 599 497 636 nullus
535 612 631 637 eum
668 599 929 648 aequiparare
963 599 1106 648 potuit.
1170 600 1360 649 Namque
1397 600 1485 650 ipse

222 676 306 701 non
341 664 391 702 ab
429 664 678 707 hominibus,
721 677 854 713 neque
891 678 964 713 per
1000 665 1214 703 hominem
1253 665 1481 711 institutus,

220 730 393 767 canendi
430 732 560 768 artem
604 729 756 777 didicit,
800 730 869 767 sed
912 730 1113 768 diuinitus
1154 731 1318 769 adiutus
1360 732 1486 781 gratis

221 795 394 833 canendi
429 796 583 833 donum
618 795 782 844 accepit.
844 795 967 834 Unde
1006 796 1066 833 nil
1104 810 1303 846 umquam
1342 797 1483 835 friuoli

220 862 260 898 et
289 861 530 909 superuacui
559 861 761 909 poematis
788 861 919 898 facere
946 861 1092 910 potuit,
1124 862 1193 899 sed
1224 875 1269 900 ea
1297 865 1480 901 tantum-

220 926 352 973 modo,
387 940 488 975 quae
517 927 567 964 ad
596 926 839 976 religionem
865 926 1085 975 pertinent,
1111 927 1370 976 religiosam²
1395 928 1481 966 eius

219 990 407 1040 linguam
428 991 634 1030 decebant.
694 992 906 1041 Siquidem
922 992 965 1029 in
982 992 1125 1030 habitu
1139 993 1335 1031 saeculari
1350 1007 1480 1043 usque

218 1056 267 1094 ad
302 1057 485 1106 tempora
515 1057 808 1106 prouectioris3
841 1059 986 1095 aetatis
1018 1059 1277 1105 constitutus,
1311 1059 1371 1096 nil
1401 1072 1480 1097 car-

218 1121 381 1160 minum
413 1123 633 1172 aliquando
668 1123 873 1161 didicerat.
936 1124 1059 1162 Unde
1087 1137 1404 1173 nonnumquam
1433 1125 1478 1162 in

218 1187 416 1235 conuiuio,
441 1201 535 1226 cum
555 1190 661 1226 esset
680 1188 861 1227 laetitiae
884 1202 1003 1227 causa
1023 1189 1243 1237 decretum,
1268 1192 1314 1228 ut
1335 1204 1479 1228 omnes

217 1265 289 1301 per
315 1253 503 1291 ordinem
530 1256 692 1292 cantare
718 1254 924 1298 deberent,
950 1254 1029 1301 ille,
1054 1255 1126 1292 ubi
1151 1255 1478 1305 adpropinquare

217 1318 296 1356 sibi
333 1318 532 1357 citharam
571 1319 771 1365 cernebat,
805 1320 996 1368 surgebat
1035 1333 1058 1357 a
1098 1321 1234 1358 media
1265 1334 1399 1369 caena,
1435 1323 1476 1359 et

217 1397 401 1433 egressus
421 1385 470 1422 ad
492 1398 608 1422 suam
629 1385 799 1423 domum
820 1385 1048 1434 repedabat.

270 1450 386 1497 Quod
408 1450 507 1488 dum
527 1452 714 1498 tempore
738 1451 914 1499 quodam
937 1451 1097 1499 faceret,
1124 1454 1163 1489 et
1184 1452 1325 1491 relicta
1348 1453 1473 1492 domu

214 1515 396 1553 conuiuii
408 1516 420 1533 ⁴
434 1529 620 1565 egressus
633 1518 739 1554 esset·
751 1516 800 1553 ad
815 1516 975 1554 stabula
990 1516 1282 1558 iumentorum.
1296 1532 1473 1567 quorum

214 1580 251 1618 ei
275 1581 456 1619 custodia
483 1583 601 1619 nocte
625 1581 696 1619 illa
722 1583 808 1619 erat
832 1581 1023 1631 delegata,
1048 1582 1186 1631 ibique
1207 1583 1306 1622 hora
1332 1598 1474 1634 conpe-

212 1647 317 1684 tenti
345 1647 532 1685 membra
562 1647 738 1685 dedisset
767 1647 911 1696 sopori,
936 1648 1096 1685 adstitit
1125 1648 1186 1685 ei⁵
1213 1649 1381 1698 quidam
1402 1664 1475 1699 per

212 1712 433 1760 somnium,
458 1726 635 1761 eumque
661 1712 854 1757 salutans,
878 1726 924 1750 ac
943 1726 1016 1750 suo
1043 1714 1255 1762 appellans
1275 1717 1472 1756 nomine:

216 1777 503 1825 ‘Caedm0n⁶‚'
541 1778 688 1827 inquit,
736 1779 877 1816 ‘canta
914 1778 1019 1816 mihi
1056 1779 1241 1828 aliquid.'
1295 1782 1355 1819 At
1401 1782 1473 1820 ille

210 1844 486 1892 respondens:
521 1844 720 1890 ‘Nescio,’
749 1843 898 1893 inquit,
937 1845 1146 1893 ‘cantare;
1181 1859 1278 1883 nam
1307 1848 1347 1885 et
1380 1847 1471 1886 ideo

211 1909 261 1946 de
292 1909 481 1947 conuiuio
520 1922 706 1959 egressus
744 1909 825 1947 huc
863 1910 1019 1957 secessi,
1059 1911 1154 1960 quia
1187 1914 1348 1950 cantare
1387 1927 1470 1952 non

208 1975 420 2023 poteram.'
478 1975 659 2012 Rursum
680 1974 760 2022 ille,
786 1975 856 2024 qui
877 1989 971 2013 cum
992 1989 1037 2013 eo
1057 1976 1310 2025 loquebatur,
1340 1979 1472 2017 ‘Atta-

208 2041 333 2088 men,'
379 2041 447 2088 ait,
495 2040 648 2078 ‘mihi7
696 2043 859 2078 cantare
907 2041 1061 2079 habes.’
1122 2042 1280 2090 ‘Quid,’
1317 2043 1464 2093 inquit,

215 2105 362 2143 ‘debeo
384 2108 545 2144 cantare
561 2107 580 2144 ‘?
595 2106 604 2121 '
652 2106 706 2144 Et
722 2106 802 2153 ille,
829 2106 1009 2153 ‘Canta,’
1026 2106 1172 2156 inquit,
1198 2108 1468 2159 ‘principium

208 2171 509 2209 creaturarum?
550 2171 638 2219 Quo
657 2173 820 2220 accepto
840 2184 1047 2220 responso,
1066 2172 1208 2210 statim
1228 2173 1315 2222 ipse
1336 2176 1467 2224 coepit

207 2237 370 2274 cantare
399 2237 443 2274 in
476 2237 641 2274 laudem
671 2236 748 2274 Dei
781 2237 1003 2275 conditoris
1031 2251 1185 2287 uersus,
1220 2253 1322 2288 quos
1351 2253 1466 2278 num-

209 2311 331 2347 quam
343 2300 536 2347 audierat,
557 2313 733 2349 quorum
747 2299 848 2338 8iste
864 2302 926 2338 est
939 2313 1108 2339 sensus:
1143 2301 1203 2339 ‘N
1206 2316 1285 2340 unc
1299 2303 1466 2342 laudare

252 2407 261 2424 ¹
287 2409 415 2439 saeculi
434 2409 473 2440 C1
520 2410 755 2440 saecularium
773 2408 811 2440 C²
828 2419 835 2447 ;
859 2409 910 2440 oft
926 2410 993 2441 As.
1241 2411 1252 2427 ²¹
1275 2410 1330 2442 xet'
1346 2413 1408 2444 rel.
1423 2413 1459 2444 C.

207 2459 218 2475 ³
242 2460 388 2499 profect·
406 2461 444 2493 C.
556 2461 566 2478 4
590 2462 732 2492 conuiui
750 2461 795 2492 M.
885 2461 897 2478 ⁵
922 2463 1020 2493 enim
1037 2464 1068 2492 ei
1087 2463 1132 2494 M.
1236 2465 1247 2483 ⁶
1270 2465 1346 2506 ced·
1365 2465 1400 2496 C.
1420 2466 1461 2497 N.

206 2509 218 2526 ⁷
242 2512 334 2542 mihi
350 2523 407 2543 om.
424 2513 460 2544 C.
579 2512 590 2529 ⁸
612 2517 703 2544 From
719 2523 870 2552 quorum
895 2517 921 2544 to
944 2515 1103 2554 ceruical,
1123 2525 1155 2555 p.
1175 2517 1247 2556 262,
1268 2519 1410 2548 inclusive
1436 2518 1464 2548 is

205 2567 342 2602 wanting]
364 2567 398 2594 in
413 2565 477 2605 H„
493 2568 591 2603 owinq
613 2569 639 2596 to
655 2569 702 2596 the
715 2568 771 2596 loss
785 2567 850 2603 osa
866 2568 935 2604 leaf,

801 2634 820 2660 S
844 2635 862 2659 2

1499 1464 1561 1492 His
1575 1465 1671 1493 mira-

1499 1505 1612 1533 culous
1626 1505 1687 1540 gift

1498 1543 1535 1570 of
1544 1552 1632 1579 song.
