1803 2887
323 150 409 190 286
686 149 892 191 Historia
924 151 1227 193 Ecclesiastica
1434 160 1517 201 [Lm.
1538 164 1576 193 V.

324 262 574 300 abbatissam
609 275 700 300 eam
739 275 810 311 pro
849 276 891 300 se
929 262 1060 300 facere
1099 263 1362 313 disposuerat,
1406 266 1575 304 tandem

323 327 513 375 obtinuit,
547 328 593 365 ut
631 327 680 365 ad
720 327 987 377 languentem
1026 328 1209 367 intraret.
1271 330 1450 368 Intrauit
1484 344 1578 381 ergo

323 406 390 431 me
412 406 551 431 secum
580 393 769 430 adsumto
798 393 848 431 ad
879 393 1094 442 uirginem,
1120 407 1223 443 quae
1247 394 1400 433 iacebat
1429 396 1572 444 multo,

324 460 369 496 ut
391 458 484 499 dixi,
510 458 646 496 dolore
667 457 893 506 constricta,
920 460 960 496 et
987 459 1152 497 brachio
1172 459 1217 496 in
1237 462 1402 498 tantum
1429 474 1578 510 grosse·

322 526 471 571 scente,
495 525 542 561 ut
572 522 679 560 nihil
708 524 895 571 prorsus¹
928 523 971 561 in
1003 523 1141 562 cubito
1171 524 1358 563 flexionis
1382 526 1577 574 haberet;

327 592 389 637 [et
408 589 575 626 adstans
595 587 699 626 dixit
719 588 944 626 orationem
965 602 1088 638 super
1110 589 1236 637 illam,
1261 603 1306 628 ac
1332 591 1579 631 benedicens

322 667 508 704 egressus
527 655 598 691 est.
660 653 845 702 Cumque
864 657 957 703 post
978 655 1077 692 haec
1097 655 1197 693 hora
1220 659 1463 705 conpetente
1490 671 1579 696 con-

321 719 549 757 sideremus
568 718 618 756 ad
639 731 837 762 mensam,
862 720 1088 759 adueniens
1110 721 1277 770 quidam
1298 722 1492 761 clamauit
1512 737 1579 761 me

322 785 440 829 foras,
468 786 507 822 et
527 784 610 822 ait:
645 783 884 823 ‘Postulat2
912 786 1211 836 Quoenburg³⁹
1233 787 1326 837 (hoc
1354 788 1467 826 enim
1494 791 1578 827 erat

324 864 475 888 nomen
497 847 699 903 uirginis),
728 853 795 889 ‘ut
817 852 928 889 ocius
952 851 1192 901 regrediaris
1218 852 1267 890 ad
1288 853 1406 891 eam.'
1462 854 1579 902 Quod

323 916 423 954 dum
437 916 621 965 facerem,
640 917 798 966 repperi
811 916 924 955 illam
941 917 1176 966 ingrediens
1192 918 1311 955 uultu
1329 918 1574 962 hilariorem,

323 984 363 1019 et
403 982 519 1019 uelut
558 983 701 1031 sospiti
739 982 930 1020 similem.
992 983 1046 1021 Et
1091 983 1191 1021 dum
1235 983 1463 1022 adsiderem
1501 985 1575 1033 illi,

323 1047 454 1086 dixit:
489 1047 588 1085 ‘Uis
616 1049 804 1096 petamus
833 1047 1027 1086 bibere?’
1083 1049 1142 1086 At
1181 1059 1276 1097 ego:
1323 1050 1484 1098 ‘Uolo‚'
1522 1050 1580 1088 in-

323 1126 456 1161 quam,
488 1113 549 1150 ‘et
570 1113 752 1150 multum
773 1113 960 1161 delector,
984 1113 1018 1150 si
1037 1114 1178 1162 potes?
1237 1114 1422 1164 Cumque
1443 1115 1580 1154 oblato

324 1178 468 1227 poculo
496 1178 731 1216 biberemus
756 1178 887 1225 ambo,
919 1178 1051 1227 coepit
1080 1178 1185 1215 mihi
1212 1179 1352 1227 dicere,
1378 1182 1474 1229 quia
1507 1182 1516 1198 ⁴
1532 1194 1579 1219 ex

324 1257 405 1292 quo
426 1243 641 1292 episcopus
661 1243 844 1281 oratione
864 1257 936 1292 pro
952 1257 1018 1281 me
1039 1245 1077 1281 et
1094 1243 1378 1282 benedictione
1394 1246 1581 1295 conpleta

323 1322 509 1358 egressus
529 1310 600 1355 est,
621 1308 762 1346 statim
778 1308 927 1346 melius
946 1309 1094 1347 habere
1109 1309 1258 1358 incipio
1275 1324 1283 1354 3
1313 1310 1390 1348 etsi
1404 1312 1581 1349 necdum

324 1374 433 1411 uires
446 1373 642 1422 pristinas
658 1373 788 1422 recepi
804 1377 824 1421 ⁴,
843 1374 959 1411 dolor
973 1376 1112 1412 tamen
1129 1375 1264 1412 omnis
1279 1376 1319 1412 et
1335 1375 1384 1412 de
1399 1375 1575 1423 brachio,

324 1439 394 1476 ubi
432 1439 637 1476 ardentior
672 1438 813 1486 inerat,
850 1440 890 1476 et
921 1439 971 1476 de
1007 1441 1095 1477 toto
1126 1453 1218 1477 meo
1252 1453 1428 1489 corpore,
1464 1441 1579 1479 uelut

324 1504 411 1554 ipso
442 1504 628 1553 episcopo
660 1504 768 1541 foras
802 1517 897 1541 eum
924 1506 1173 1553 exportante,
1204 1505 1393 1544 funditus
1422 1506 1581 1544 ablatus

323 1573 395 1617 est,
434 1569 600 1608 tametsi
632 1571 771 1606 tumor
803 1570 936 1607 adhuc
969 1570 1123 1608 brachii
1156 1584 1323 1609 manere
1361 1572 1581 1610 uidetur⁵.'

322 1635 587 1674 Abeuntibus
634 1636 773 1672 autem
821 1635 940 1673 nobis
990 1635 1096 1683 inde,
1149 1637 1345 1674 continuo
1391 1637 1580 1687 fugatum

324 1699 505 1738 dolorem
539 1700 821 1738 membrorum
854 1700 950 1750 fuga
985 1714 1146 1749 quoque
1179 1701 1355 1739 tumoris
1388 1702 1581 1740 horrendi

325 1768 462 1803 secuta
486 1767 547 1803 est
569 1780 577 1813 3
607 1767 647 1803 et
676 1768 814 1814 erepta
839 1765 965 1804 morti
985 1779 1029 1803 ac
1057 1766 1264 1805 doloribus
1288 1767 1414 1817 uirgo,
1440 1768 1580 1807 laudes

325 1831 504 1869 Domino
540 1831 767 1868 Saluatori⁶
805 1845 887 1869 una
925 1844 1019 1869 cum
1057 1832 1210 1879 ceteris,
1250 1833 1319 1882 qui
1358 1833 1416 1870 ibi
1449 1836 1575 1881 erant,

325 1896 454 1934 seruis
474 1897 587 1934 illius
606 1897 832 1935 referebat.'

840 2047 959 2086 CAP.
994 2048 1065 2086 IV.

481 2148 515 2175 Ut
529 2148 685 2182 com'uyem
701 2148 817 2175 comilis
834 2147 992 2181 infirmam
1008 2156 1089 2183 aqua
1107 2149 1256 2177 beneclirta
1272 2151 1435 2178 curaverit.

380 2226 523 2262 ALIUD
553 2237 713 2273 quoque
738 2237 821 2261 non
849 2225 1030 2263 multum
1059 2225 1155 2263 huic
1183 2226 1382 2264 dissimile
1412 2227 1581 2266 miracu-

327 2290 415 2327 lum
436 2290 484 2326 de
504 2289 682 2338 praefato
708 2289 893 2327 antistite
919 2291 1101 2329 narrauit
1125 2291 1237 2329 idem
1261 2292 1394 2339 abbas,
1420 2293 1580 2332 dicens:

332 2355 466 2394 ‘Uilla
497 2357 581 2392 erat
614 2355 775 2393 comitis
807 2355 1028 2404 cuiusdam,
1067 2356 1138 2405 qui
1172 2357 1420 2396 uocabatur⁷
1450 2360 1576 2405 Puch,

372 2454 380 2471 ¹
406 2465 556 2494 prorsus,
577 2458 772 2485 asmerlbelnw
789 2459 833 2486 the
849 2459 910 2486 line
930 2456 972 2487 M.
1038 2456 1049 2473 ²
1071 2457 1175 2489 -Iauit
1190 2458 1224 2488 C.
1246 2459 1286 2489 D.
1305 2458 1361 2489 &c.
1421 2458 1432 2474 ³
1455 2460 1580 2498 quoin-

328 2507 356 2537 Β
373 2517 380 2544 ;
403 2517 502 2537 coen·
519 2507 565 2544 Ηλ
584 2518 591 2545 3
608 2517 745 2546 quoque
761 2509 888 2547 iuburg
904 2509 944 2539 N.
1024 2508 1034 2525 ⁴
1058 2510 1165 2549 recipi
1184 2510 1226 2540 M.
1299 2510 1310 2527 ⁵
1334 2511 1517 2541 uideretur
1534 2511 1578 2542 M.

327 2560 338 2576 ⁶
361 2559 412 2588 -ni
431 2559 495 2589 -ris
511 2559 551 2589 N.
642 2558 653 2575 ⁷
678 2562 824 2590 uocatur
841 2560 875 2591 C.
898 2561 939 2591 D.

1604 598 1624 626 f.
1644 607 1689 626 101
1705 600 1734 626 b.

1778 1475 1791 1641 K‘R‘Kt-*ssvtur
1788 1451 1790 1457 .
1778 1416 1779 1419 Α
1778 1402 1779 1408 ⁴

1778 1690 1795 1757 “5²7
1778 1643 1788 1687 ‹5⁴-

1782 2108 1793 2218 ..ὡ-..ψ-
1779 1897 1795 2103 :Quam-⁴5*
1782 1766 1793 1887 owe-⁷²*-
