1803 2887
53 1237 165 1264 roob.

247 146 325 175 CAP.
342 141 468 183 xxm]
644 135 795 177 Gentis
826 135 1095 189 Astylorum.
1420 135 1500 174 173

244 253 294 290 ad
328 265 371 290 se
401 251 444 289 in
476 250 756 289 ministerium
789 249 1060 288 ordinationis
1097 248 1189 286 aliis
1227 248 1387 286 duobus
1425 248 1503 297 epi-

245 317 386 367 scopis.
440 316 519 365 Qui
547 318 708 364 accepto
734 315 860 364 gradu
891 315 1146 364 episcopatus
1179 313 1301 351 rediit
1335 314 1385 351 ad
1415 327 1501 362 pro-

247 383 438 430 uinciam,
463 384 503 420 et
523 381 678 418 maiore
705 380 947 418 auctoritate
977 381 1166 428 coeptum
1190 392 1293 428 opus
1319 379 1498 428 explens.

246 448 342 486 fecit
371 461 444 497 per
474 447 562 484 loca
591 446 790 493 ecclesias,
820 445 1083 495 presbyteros
1112 447 1153 483 et
1183 445 1374 482 diaconos
1404 443 1505 481 ordi-

244 513 372 561 nauit,
404 512 476 562 qui
514 525 557 549 se
586 512 632 549 in
661 511 786 549 uerbo
815 511 913 548 fidei
942 512 983 548 et
1011 510 1242 548 ministerio
1271 509 1505 558 baptizandi

243 578 496 624 adiuuarent,
521 577 701 615 maxime
726 577 770 613 in
794 577 969 623 ciuitate,
995 589 1098 625 quae
1126 575 1268 625 lingua
1295 575 1505 613 Saxonum

243 643 557 681 Ythancaestir¹
580 642 817 692 appellatur,
841 642 912 679 sed
933 643 973 679 et
992 641 1037 678 in
1056 641 1139 689 illa,
1160 654 1263 690 quae
1284 638 1505 688 Tilaburg²

244 709 558 758 cognominatur
574 723 583 755 ;
614 720 790 757 quorum
810 707 921 756 prior
940 707 1052 745 locus
1076 709 1137 744 est
1158 707 1202 744 in
1222 706 1309 755 ripa
1335 706 1475 743 Pentae
1493 704 1505 724 ³

242 774 387 822 amnis,
413 774 615 811 secundus
633 773 678 810 in
699 775 787 822 ripa
807 772 1031 811 Tamensis.
1079 772 1132 809 In
1153 772 1312 820 quibus,
1337 771 1505 809 collecto

244 840 430 878 examine
444 839 696 877 famulorum
712 838 875 886 Christi,
893 838 1154 887 disciplinam
1169 837 1278 875 uitae
1293 836 1501 886 regularis,

243 905 287 943 in
319 906 520 954 quantum
553 905 674 942 rudes
704 904 836 942 adhuc
870 917 1012 953 capere
1039 905 1239 952 poterant,
1279 902 1505 940 custodiri⁴

243 971 389 1009 docuit.

297 1037 483 1085 Cumque
512 1038 696 1085 tempore
727 1049 811 1073 non
840 1048 968 1084 pauco
998 1034 1042 1072 in
1073 1034 1252 1083 praefata
1281 1033 1501 1083 prouincia,

243 1103 448 1152 gaudente
486 1115 590 1151 rege,
633 1101 913 1150 congaudente
959 1100 1153 1138 uniuerso
1190 1099 1353 1149 populo,
1397 1099 1506 1136 uitae

245 1167 429 1205 caelestis
462 1167 670 1205 institutio
709 1166 959 1205 cotidianum
998 1167 1179 1203 sumeret
1217 1166 1502 1213 augmentum,

244 1233 415 1282 contigit
449 1233 586 1282 ipsum
619 1245 757 1282 regem
795 1232 1017 1280 instigante
1056 1231 1245 1268 omnium
1272 1229 1275 1280 i
1301 1230 1506 1268 bonorum

243 1299 424 1347 inimico,
448 1300 774 1348 propinquorum
795 1311 964 1336 suorum
984 1311 1110 1335 manu
1130 1297 1316 1335 interfici.
1378 1296 1506 1334 Erant

245 1367 385 1403 autem
406 1365 485 1402 duo
512 1365 696 1414 germani
716 1365 873 1411 fratres,
898 1364 970 1413 qui
989 1363 1065 1401 hoc
1084 1363 1244 1401 facinus
1263 1364 1479 1411 patrarunt
1499 1376 1507 1408 ;

245 1430 316 1479 qui
336 1444 430 1468 cum
450 1431 808 1479 interrogarentur,
834 1442 957 1479 quare
985 1429 1062 1467 hoc
1092 1429 1280 1476 facerent,
1307 1428 1367 1465 nil
1396 1427 1507 1465 aliud

244 1497 490 1545 respondere
518 1498 752 1546 potuerunt,
777 1495 858 1533 nisi
887 1494 964 1532 ob⁵
984 1495 1059 1532 hoc
1089 1507 1131 1531 se
1159 1495 1285 1531 iratos
1312 1493 1440 1531 fuisse
1469 1494 1509 1530 et

244 1563 436 1601 inimicos
465 1563 562 1612 regi,
586 1563 693 1612 quod
721 1562 793 1600 ille
822 1561 1000 1599 nimium
1031 1560 1115 1598 suis
1144 1573 1306 1608 parcere
1336 1559 1484 1596 soleret
1498 1562 1509 1576 ⁰

245 1629 434 1677 inimicis,
471 1631 510 1667 et
540 1629 666 1666 factas
696 1628 746 1666 ab
777 1627 835 1665 eis
865 1626 1037 1664 iniurias
1067 1639 1165 1663 mox
1199 1624 1510 1663 obsecrantibus

244 1695 403 1744 placida
430 1695 569 1731 mente
593 1693 830 1732 dimitteret.
891 1692 1002 1730 Talis
1032 1693 1117 1730 erat
1148 1691 1266 1740 culpa
1294 1690 1410 1740 regis,
1435 1703 1509 1738 pro

246 1774 326 1809 qua
364 1760 624 1807 occideretur,
667 1759 776 1808 quod
823 1757 1059 1807 euangelica
1106 1758 1319 1806 praecepta
1361 1756 1510 1793 deuoto

245 1826 364 1864 corde
395 1827 587 1864 seruaret.
663 1824 717 1862 In
750 1837 829 1873 qua
862 1826 1003 1862 tamen
1035 1823 1122 1860 eius
1156 1825 1290 1860 morte
1327 1821 1506 1867 innoxia,

245 1893 360 1930 iuxta
384 1891 640 1940 praedictum
660 1890 740 1928 uiri
760 1891 847 1937 Dei,
872 1903 968 1927 uera
997 1891 1058 1926 est
1088 1888 1176 1926 eius
1203 1888 1322 1937 culpa
1350 1886 1505 1936 punita.

246 1958 460 1996 Habuerat
498 1956 611 1994 enim
649 1969 758 1994 unus
797 1969 845 1993 ex
884 1955 961 2002 his,
1009 1955 1081 2003 qui
1119 1967 1213 1991 eum
1259 1953 1505 1999 occiderunt,

247 2023 467 2061 comitibus
495 2022 706 2060 inlicitum
735 2021 1002 2070 coniugium;
1032 2020 1141 2069 quod
1171 2032 1267 2056 cum
1297 2018 1510 2067 episcopus

246 2089 461 2139 prohibere
492 2090 532 2126 et
567 2087 766 2137 corrigere
799 2100 884 2124 11011
922 2087 1071 2135 posset,
1109 2084 1509 2122 01100111111111111331111τ

249 2167 345 2192 eum
374 2156 496 2202 atque
525 2153 730 2200 omnibus,
755 2152 827 2202 qui
857 2165 899 2189 se
928 2151 1069 2190 audire
1100 2150 1268 2197 uellent,
1292 2148 1506 2199 praecepit,

250 2233 302 2257 ne
326 2219 497 2257 domum
518 2218 605 2256 eius
624 2217 839 2265 intrarent,
864 2230 996 2266 neque
1026 2216 1075 2254 de
1104 2215 1206 2253 cibis
1230 2214 1346 2252 illius
1365 2213 1513 2262 accipe-

249 2287 352 2322 rent.
414 2284 640 2323 Oontemsit
671 2285 811 2321 autem
840 2296 913 2321 rex
952 2283 1226 2331 praeceptum,
1266 2282 1306 2318 et
1344 2281 1512 2329 rogatus

293 2412 304 2430 ²
327 2415 395 2443 -ter
412 2413 436 2443 C
452 2423 459 2450 3
483 2414 556 2452 -tyr
571 2411 614 2443 N.
832 2409 843 2427 ²
867 2410 961 2441 tiila—
978 2409 1035 2447 C1;
1060 2409 1152 2439 tilla·
1170 2407 1219 2439 (3².
1236 2406 1300 2444 B2;
1323 2407 1452 2446 431111ιὲΓ
1468 2406 1510 2437 N.

251 2466 262 2484 ³
284 2467 412 2504 paente
439 2464 500 2503 C13
534 2466 643 2504 pante
669 2462 730 2501 C²;
753 2464 861 2502 pente
890 2461 1012 2501 B¹<‘?=;
1046 2463 1163 2500 pentae
1189 2459 1254 2498 B2;
1292 2461 1441 2499 paentae
1468 2458 1510 2489 N.

250 2517 261 2534 ⁴
286 2527 335 2547 —re
351 2517 389 2547 C.
405 2517 449 2547 N.
581 2515 593 2533 ⁵
617 2516 660 2547 ab
677 2515 719 2547 N.
736 2514 787 2546 0¹.
919 2514 930 2532 ⁶
955 2514 1043 2544 solet
1060 2513 1106 2544 M.
1239 2510 1250 2527 ⁷
1275 2510 1510 2542 excommoni-

251 2570 346 2600 cauit
362 2569 408 2600 M.
425 2568 467 2600 N.

1532 1043 1667 1070 Murder
1682 1044 1717 1069 of

1532 1083 1668 1117 Sigbert.
