1803 2887
28 1525 93 1550 and
110 1524 160 1551 his

27 1563 150 1597 family.

273 159 355 198 114
632 158 838 201 Historia
868 159 1174 201 Eoclesiastica
1217 195 1220 197 Α
1384 167 1529 209 [L113,11.

267 274 501 322 Anglorum
531 274 574 311 in
605 275 852 312 Brittaniam
889 289 1022 313 annus
1061 275 1218 312 circiter
1251 275 1525 315 CLXXXmuffl.

269 338 507 387 Baptizatus
545 338 629 377 est¹
668 342 805 378 autem
845 341 1018 378 Eburaci
1066 341 1130 378 die
1173 342 1313 378 sancto
1359 341 1530 389 paschae

267 404 398 452 pridie
418 405 572 443 Iduum
588 405 798 454 Aprilium
818 406 862 443 in
884 406 1047 444 ecclesia
1062 406 1176 443 Petri
1196 406 1379 454 apostoli,
1405 420 1529 455 quam

266 469 423 507 ibidem
453 470 540 519 ipse
574 471 623 508 de
658 471 779 520 ligno,
817 470 935 509 cum2
970 472 1290 519 cathecizaretur,
1323 474 1445 520 atque
1478 473 1528 510 ad

269 535 575 584 percipiendum
612 536 816 585 baptisma
849 537 1095 585 inbueretur7
1134 537 1256 574 citato
1286 550 1404 585 opere
1435 550 1528 575 eon-

265 600 426 638 struxit.
488 601 540 638 In
561 614 639 650 qua
664 602 787 639 etiam
817 602 982 640 ciuitate
1008 603 1087 651 ipsi
1107 602 1261 640 doctori
1281 604 1403 651 atque
1422 601 1527 639 anti-

264 665 377 702 stiti³³
412 680 485 703 suo
520 666 696 704 Paulino
734 669 872 705 sedem
907 668 1159 717 episcopatus
1190 668 1370 706 donauit.
1432 667 1528 705 Mox

263 730 401 766 autem
435 731 481 767 ut
511 730 714 779 baptisma
745 732 987 768 consecutus
1018 733 1089 779 est,
1121 729 1124 781 1
1152 731 1322 779 curauit,
1357 731 1526 768 docente

263 795 406 831 eodem
437 795 623 843 Paulino,
649 796 845 833 maiorem
875 796 963 845 ipso
992 797 1036 833 in
1065 797 1151 834 loco
1181 799 1221 834 et
1249 796 1527 846 augustiorem

263 860 313 897 de
333 859 467 909 lapide
496 861 692 899 fabricare
720 862 938 910 basilicam,
970 861 1014 899 in
1044 861 1160 899 cuius
1184 862 1320 899 medio
1343 862 1481 910 ipsum
1498 862 1521 909 ⁴,

263 926 372 974 quod
407 927 520 975 prius
553 927 711 974 fecerat,
749 928 971 965 oratorium
1010 927 1299 965 inc-luderetur.
1358 927 1527 975 Praepa-

262 991 362 1029 ratis
400 1005 493 1041 ergo
531 993 813 1030 fundamentis
850 993 894 1030 in
932 1006 1032 1042 gyro
1070 993 1217 1041 prioris
1255 992 1417 1030 oratorii
1454 1005 1527 1041 per

263 1059 464 1106 quadrum
492 1058 623 1106 coepit
654 1058 865 1096 aedificare
896 1058 1113 1096 basilicam.
1176 1059 1255 1096 Sed
1284 1058 1524 1107 priusquam

261 1123 437 1160 altitudo
474 1123 640 1173 parietis
677 1126 784 1161 esset
824 1125 1117 1172 consummata,
1161 1137 1231 1161 rex
1269 1124 1355 1173 ipse
1397 1123 1524 1172 impia

261 1201 358 1226 nece
392 1190 556 1236 occisus,
592 1202 694 1238 opus
733 1189 843 1226 idem
873 1189 1093 1227 successori
1126 1203 1199 1227 suo
1229 1190 1407 1227 Osualdo
1438 1202 1523 1237 per-

259 1253 481 1291 ficiendum
519 1254 696 1303 reliquit.
758 1254 960 1292 Paulinus
998 1257 1135 1292 autem
1170 1268 1218 1292 ex
1252 1268 1299 1292 eo
1337 1257 1521 1303 tempore

259 1332 329 1357 sex
360 1320 480 1357 annis
513 1320 719 1358 continuis
733 1320 756 1367 ⁵,
794 1320 835 1357 id
870 1322 930 1357 est
965 1321 1015 1357 ad
1044 1320 1172 1357 finem
1202 1334 1331 1369 usque
1360 1320 1522 1369 imperii

258 1385 365 1434 regis
386 1385 508 1433 illius,
529 1386 701 1423 uerbum
722 1385 808 1433 Dei,
825 1385 1031 1422 adnuente
1051 1398 1095 1423 ac
1115 1386 1279 1423 fauente
1298 1385 1396 1434 ipso,
1413 1385 1457 1423 in
1478 1398 1522 1423 ea

256 1450 467 1498 prouincia
495 1451 775 1500 praedicabat3
815 1451 1114 1499 credebantque
1140 1452 1180 1488 et
1208 1451 1521 1500 baptizabantur

257 1518 458 1564 quotquot
497 1519 613 1554 erant
651 1516 953 1565 praeordinatiG
981 1517 1031 1554 ad
1063 1516 1192 1554 uitam
1222 1518 1439 1563 aeternam,
1474 1517 1518 1554 in

256 1581 404 1630 quibus
426 1584 541 1619 erant
562 1582 699 1620 Osfrid
721 1584 761 1620 et
786 1582 954 1620 Eadfrid
979 1581 1055 1619 filii
1076 1581 1182 1631 regis
1201 1581 1421 1629 Aeduini⁷‚
1447 1582 1519 1631 qui

254 1647 375 1684 ambo
397 1647 458 1684 ei⁸
488 1647 597 1684 exuli
627 1647 714 1685 nati
740 1649 838 1686 sunt
867 1647 917 1685 de
944 1647 1242 1696 Quoenburga⁹
1271 1647 1357 1685 filia
1386 1647 1518 1686 Cearli

254 1712 360 1761 regis
381 1712 637 1751 Merciorum.

308 1776 514 1826 Baptizati
534 1780 632 1816 sunt
651 1780 835 1827 tempore
855 1779 1051 1827 sequente
1072 1779 1111 1815 et
1131 1778 1201 1815 alii
1221 1777 1339 1815 liberi
1360 1778 1447 1816 eius
1468 1779 1517 1816 de

253 1843 540 1892 Aedilberga¹⁰
584 1843 725 1893 regina
764 1844 979 1892 progeniti,
1013 1843 1266 1881 Aedilhun¹¹
1306 1845 1346 1881 et
1379 1844 1517 1882 Aedil-

254 1908 379 1957 thryd
394 1908 420 1927 ¹²
446 1909 541 1957 filia,
566 1911 606 1947 et
626 1910 731 1946 alter
750 1909 861 1947 filius
882 1909 1091 1957 Uuscfiea,
1116 1922 1293 1957 quorum
1318 1909 1441 1958 primi
1464 1910 1518 1947 al-

252 1973 337 2011 bati
357 1974 490 2012 adhuc
506 1974 611 2023 rapti
632 1977 731 2012 sunt
752 1975 802 2012 de
822 1975 896 2012 hac
917 1974 1014 2022 uita,
1034 1976 1074 2011 et
1089 1974 1265 2011 Eburaci
1286 1974 1329 2012 in
1351 1975 1517 2013 ecclesia

252 2039 413 2087 sepulti.
485 2039 723 2088 Baptizatus
757 2042 797 2077 et
826 2039 908 2077 Yffi
938 2039 1048 2077 filius
1078 2039 1241 2087 Osfridi‚
1276 2040 1345 2078 sed
1376 2042 1416 2078 et
1445 2040 1515 2079 alii

251 2105 410 2142 nobiles
439 2118 483 2142 ac
512 2105 614 2154 regii
640 2105 720 2142 uiri
746 2118 830 2142 non
850 2105 977 2154 pauci.
1040 2105 1195 2142 Tantus
1221 2106 1360 2142 autem
1386 2106 1516 2143 fertur

251 2171 350 2208 tunc
377 2170 503 2207 fuisse
529 2170 665 2207 feruor
686 2170 781 2208 fidei
807 2183 851 2208 ac
876 2170 1125 2207 desiderium
1152 2170 1302 2208 lauacri
1325 2170 1514 2209 salutaris

250 2235 366 2284 genti
395 2235 837 2284 Nordanhymbrorum
854 2236 888 2283 ¹³⁴,
914 2239 959 2272 ut
988 2236 1165 2284 quodam
1196 2237 1379 2284 tempore
1406 2236 1513 2274 Pau-

250 2300 362 2338 linus
396 2302 567 2338 ueniens
599 2314 694 2338 cum
725 2314 818 2351 rege
853 2303 892 2338 et
926 2302 1065 2350 regina
1093 2300 1138 2338 in
1168 2301 1314 2338 uillam
1343 2302 1508 2350 regiam,

295 2381 303 2397 ¹
329 2383 381 2411 est
397 2392 454 2411 om.
473 2382 517 2411 M.
598 2381 609 2398 2
633 2391 714 2411 cum
730 2392 787 2412 om.
806 2379 863 2419 (3¹3
887 2383 1079 2420 antequam
1096 2380 1144 2412 Css.
1235 2381 1246 2398 ³
1270 2382 1436 2412 antestiti
1452 2382 1512 2413 M1.

249 2432 259 2449 ¹
284 2433 396 2472 ipsam
414 2433 458 2463 M.
593 2432 605 2449 ⁵
628 2434 821 2471 continuis,
838 2436 935 2463 added
951 2444 989 2462 οη
1005 2436 1128 2470 wmryz'n
1145 2433 1189 2464 M.
1335 2431 1347 2449 ⁶
1370 2443 1446 2473 pro·
1463 2434 1509 2469 M,

247 2483 258 2501 ⁷
282 2485 404 2515 eduini
422 2485 469 2519 B;
494 2495 554 2515 -ne
572 2485 607 2515 C.
713 2485 723 2502 s
746 2486 779 2515 ei
796 2496 852 2515 om.
867 2485 906 2515 B.
1017 2485 1028 2501 ⁹
1053 2478 1161 2524 quen'-
1179 2483 1231 2515 B'.
1322 2485 1346 2502 ¹⁰
1370 2486 1441 2524 -gia
1457 2486 1512 2520 M;

246 2536 441 2576 aebilberga
458 2537 482 2567 C
498 2547 505 2575 3
530 2537 655 2576 -burga
671 2535 723 2569 Οἳ.
856 2534 878 2551 1¹
901 2536 1071 2567 aebilhun
1090 2536 1126 2568 O.
1236 2536 1260 2553 ¹²
1283 2537 1458 2577 aebilbryb
1474 2538 1510 2569 O.

248 2587 272 2605 ¹³
294 2589 485 2619 norban-C.

1550 737 1622 774 1339
1637 739 1664 766 b.
