<?xml version="1.0" encoding="UTF-8"?>
<!DOCTYPE html PUBLIC "-//W3C//DTD XHTML 1.0 Transitional//EN"
    "http://www.w3.org/TR/xhtml1/DTD/xhtml1-transitional.dtd">
<html xmlns="http://www.w3.org/1999/xhtml" xml:lang="en" lang="en">
 <head>
  <title>
</title>
<meta http-equiv="Content-Type" content="text/html;charset=utf-8" />
  <meta name='ocr-system' content='tesseract 3.04.00' />
  <meta name='ocr-capabilities' content='ocr_page ocr_carea ocr_par ocr_line ocrx_word'/>
</head>
<body>
  <div class='ocr_page' id='page_1' title='image "./venerabilisbaeda00bedeuoft_0300.png"; bbox 0 0 1803 2887; ppageno 0'>
   <div class='ocr_carea' id='block_1_1' title="bbox 247 163 1499 211">
    <p class='ocr_par' dir='ltr' id='par_1_1' title="bbox 247 163 1499 211">
     <span class='ocr_line' id='line_1_1' title="bbox 247 163 1499 211; baseline -0.002 -4"><span class='ocrx_word' id='word_1_1' title='bbox 247 168 329 207; x_wconf 82' lang='lat'>110</span> <span class='ocrx_word' id='word_1_2' title='bbox 605 164 813 207; x_wconf 70' lang='lat' dir='ltr'>Historia</span> <span class='ocrx_word' id='word_1_3' title='bbox 842 163 1150 205; x_wconf 76' lang='lat' dir='ltr'>Ecclesiastica</span> <span class='ocrx_word' id='word_1_4' title='bbox 1350 169 1435 211; x_wconf 81' lang='lat' dir='ltr'>[an.</span> <span class='ocrx_word' id='word_1_5' title='bbox 1456 172 1499 204; x_wconf 84' lang='lat'>11.</span> 
     </span>
    </p>
   </div>
   <div class='ocr_carea' id='block_1_2' title="bbox 22 276 1635 2415">
    <p class='ocr_par' dir='ltr' id='par_1_2' title="bbox 22 276 1635 2415">
     <span class='ocr_line' id='line_1_2' title="bbox 244 276 1635 330; baseline -0.005 -11"><span class='ocrx_word' id='word_1_6' title='bbox 244 294 366 319; x_wconf 90' lang='lat' dir='ltr'>eum:</span> <span class='ocrx_word' id='word_1_7' title='bbox 411 280 590 330; x_wconf 54' lang='lat' dir='ltr'>‘Surge&#39;</span> <span class='ocrx_word' id='word_1_8' title='bbox 621 279 769 329; x_wconf 89' lang='lat' dir='ltr'>inquit,</span> <span class='ocrx_word' id='word_1_9' title='bbox 814 279 955 327; x_wconf 86' lang='lat' dir='ltr'>‘intra,</span> <span class='ocrx_word' id='word_1_10' title='bbox 992 281 1033 317; x_wconf 92' lang='lat' dir='ltr'>et</span> <span class='ocrx_word' id='word_1_11' title='bbox 1067 278 1210 328; x_wconf 89' lang='lat' dir='ltr'>sopitis</span> <span class='ocrx_word' id='word_1_12' title='bbox 1237 276 1241 329; x_wconf 77' lang='lat'>1</span> <span class='ocrx_word' id='word_1_13' title='bbox 1266 291 1311 316; x_wconf 88' lang='lat' dir='ltr'>ac</span> <span class='ocrx_word' id='word_1_14' title='bbox 1349 277 1501 316; x_wconf 89' lang='lat' dir='ltr'>relictis</span> <span class='ocrx_word' id='word_1_15' title='bbox 1522 284 1543 313; x_wconf 83' lang='lat' dir='ltr'>f.</span> <span class='ocrx_word' id='word_1_16' title='bbox 1561 286 1594 321; x_wconf 86' lang='lat'>38</span> <span class='ocrx_word' id='word_1_17' title='bbox 1608 293 1635 313; x_wconf 83' lang='lat' dir='ltr'>a.</span> 
     </span>
     <span class='ocr_line' id='line_1_3' title="bbox 245 341 1501 391; baseline -0.002 -10"><span class='ocrx_word' id='word_1_18' title='bbox 245 356 437 381; x_wconf 84' lang='lat' dir='ltr'>curarum</span> <span class='ocrx_word' id='word_1_19' title='bbox 452 342 736 390; x_wconf 73' lang='lat' dir='ltr'>anxietatibus,</span> <span class='ocrx_word' id='word_1_20' title='bbox 756 342 884 391; x_wconf 90' lang='lat' dir='ltr'>quieti</span> <span class='ocrx_word' id='word_1_21' title='bbox 904 341 1090 379; x_wconf 87' lang='lat' dir='ltr'>membra</span> <span class='ocrx_word' id='word_1_22' title='bbox 1109 341 1235 379; x_wconf 88' lang='lat' dir='ltr'>simul</span> <span class='ocrx_word' id='word_1_23' title='bbox 1254 342 1294 378; x_wconf 94' lang='lat' dir='ltr'>et</span> <span class='ocrx_word' id='word_1_24' title='bbox 1315 341 1501 378; x_wconf 88' lang='lat' dir='ltr'>animum</span> 
     </span>
     <span class='ocr_line' id='line_1_4' title="bbox 247 405 1502 457; baseline -0.002 -11"><span class='ocrx_word' id='word_1_25' title='bbox 247 422 442 457; x_wconf 88' lang='lat' dir='ltr'>conpone,</span> <span class='ocrx_word' id='word_1_26' title='bbox 467 408 561 457; x_wconf 89' lang='lat' dir='ltr'>quia</span> <span class='ocrx_word' id='word_1_27' title='bbox 587 409 796 446; x_wconf 87' lang='lat' dir='ltr'>mutatum</span> <span class='ocrx_word' id='word_1_28' title='bbox 823 409 885 445; x_wconf 91' lang='lat' dir='ltr'>est</span> <span class='ocrx_word' id='word_1_29' title='bbox 910 421 978 445; x_wconf 87' lang='lat' dir='ltr'>cor</span> <span class='ocrx_word' id='word_1_30' title='bbox 1004 406 1120 455; x_wconf 80' lang='lat' dir='ltr'>regis,</span> <span class='ocrx_word' id='word_1_31' title='bbox 1149 420 1225 444; x_wconf 89' lang='lat' dir='ltr'>nec</span> <span class='ocrx_word' id='word_1_32' title='bbox 1250 406 1326 444; x_wconf 89' lang='lat' dir='ltr'>tibi</span> <span class='ocrx_word' id='word_1_33' title='bbox 1345 405 1502 455; x_wconf 86' lang='lat' dir='ltr'>aliquid</span> 
     </span>
     <span class='ocr_line' id='line_1_5' title="bbox 246 471 1504 523; baseline -0.002 -12"><span class='ocrx_word' id='word_1_34' title='bbox 246 474 345 512; x_wconf 87' lang='lat' dir='ltr'>mali</span> <span class='ocrx_word' id='word_1_35' title='bbox 374 474 516 521; x_wconf 86' lang='lat' dir='ltr'>facere,</span> <span class='ocrx_word' id='word_1_36' title='bbox 548 473 618 511; x_wconf 90' lang='lat' dir='ltr'>sed</span> <span class='ocrx_word' id='word_1_37' title='bbox 650 473 777 511; x_wconf 90' lang='lat' dir='ltr'>fidem</span> <span class='ocrx_word' id='word_1_38' title='bbox 810 473 947 523; x_wconf 89' lang='lat' dir='ltr'>potius</span> <span class='ocrx_word' id='word_1_39' title='bbox 976 472 1204 521; x_wconf 75' lang='lat' dir='ltr'>pollicitam</span> <span class='ocrx_word' id='word_1_40' title='bbox 1235 484 1398 509; x_wconf 86' lang='lat' dir='ltr'>seruare</span> <span class='ocrx_word' id='word_1_41' title='bbox 1427 471 1504 509; x_wconf 87' lang='lat' dir='ltr'>dis-</span> 
     </span>
     <span class='ocr_line' id='line_1_6' title="bbox 245 536 1504 588; baseline -0.002 -12"><span class='ocrx_word' id='word_1_42' title='bbox 245 539 362 588; x_wconf 84' lang='lat' dir='ltr'>ponit</span> <span class='ocrx_word' id='word_1_43' title='bbox 380 553 388 586; x_wconf 89' lang='lat'>;</span> <span class='ocrx_word' id='word_1_44' title='bbox 412 540 633 587; x_wconf 79' lang='lat' dir='ltr'>postquam</span> <span class='ocrx_word' id='word_1_45' title='bbox 652 538 766 576; x_wconf 91' lang='lat' dir='ltr'>enim</span> <span class='ocrx_word' id='word_1_46' title='bbox 793 537 1082 588; x_wconf 79' lang='lat' dir='ltr'>cogitationem</span> <span class='ocrx_word' id='word_1_47' title='bbox 1107 550 1234 585; x_wconf 89' lang='lat' dir='ltr'>suam,</span> <span class='ocrx_word' id='word_1_48' title='bbox 1259 537 1308 574; x_wconf 86' lang='lat' dir='ltr'>de</span> <span class='ocrx_word' id='word_1_49' title='bbox 1329 549 1408 585; x_wconf 88' lang='lat' dir='ltr'>qua</span> <span class='ocrx_word' id='word_1_50' title='bbox 1428 536 1504 574; x_wconf 86' lang='lat' dir='ltr'>tibi</span> 
     </span>
     <span class='ocr_line' id='line_1_7' title="bbox 246 602 1506 653; baseline -0.002 -11"><span class='ocrx_word' id='word_1_51' title='bbox 246 606 342 642; x_wconf 84' lang='lat' dir='ltr'>ante</span> <span class='ocrx_word' id='word_1_52' title='bbox 371 604 466 651; x_wconf 80' lang='lat' dir='ltr'>dixi,</span> <span class='ocrx_word' id='word_1_53' title='bbox 494 604 659 653; x_wconf 86' lang='lat' dir='ltr'>reginae</span> <span class='ocrx_word' id='word_1_54' title='bbox 687 604 732 642; x_wconf 91' lang='lat' dir='ltr'>in</span> <span class='ocrx_word' id='word_1_55' title='bbox 761 605 915 642; x_wconf 88' lang='lat' dir='ltr'>secreto</span> <span class='ocrx_word' id='word_1_56' title='bbox 939 602 1148 651; x_wconf 85' lang='lat' dir='ltr'>reuelauit,</span> <span class='ocrx_word' id='word_1_57' title='bbox 1175 602 1383 640; x_wconf 89' lang='lat' dir='ltr'>reuocauit</span> <span class='ocrx_word' id='word_1_58' title='bbox 1409 615 1506 639; x_wconf 91' lang='lat' dir='ltr'>eum</span> 
     </span>
     <span class='ocr_line' id='line_1_8' title="bbox 247 667 1506 717; baseline -0.002 -10"><span class='ocrx_word' id='word_1_59' title='bbox 247 669 319 707; x_wconf 87' lang='lat' dir='ltr'>illa</span> <span class='ocrx_word' id='word_1_60' title='bbox 367 669 417 707; x_wconf 90' lang='lat' dir='ltr'>ab</span> <span class='ocrx_word' id='word_1_61' title='bbox 458 669 701 717; x_wconf 83' lang='lat' dir='ltr'>intentione,</span> <span class='ocrx_word' id='word_1_62' title='bbox 744 682 1000 716; x_wconf 85' lang='lat' dir='ltr'>ammonens,</span> <span class='ocrx_word' id='word_1_63' title='bbox 1047 668 1143 717; x_wconf 89' lang='lat' dir='ltr'>quia</span> <span class='ocrx_word' id='word_1_64' title='bbox 1184 667 1302 705; x_wconf 87' lang='lat' dir='ltr'>nulla</span> <span class='ocrx_word' id='word_1_65' title='bbox 1348 667 1506 705; x_wconf 84' lang='lat' dir='ltr'>ratione</span> 
     </span>
     <span class='ocr_line' id='line_1_9' title="bbox 248 732 1507 784; baseline -0.002 -12"><span class='ocrx_word' id='word_1_66' title='bbox 248 734 466 772; x_wconf 84' lang='lat' dir='ltr'>conueniat</span> <span class='ocrx_word' id='word_1_67' title='bbox 486 736 601 772; x_wconf 88' lang='lat' dir='ltr'>tanto</span> <span class='ocrx_word' id='word_1_68' title='bbox 622 735 709 784; x_wconf 89' lang='lat' dir='ltr'>regi</span> <span class='ocrx_word' id='word_1_69' title='bbox 729 735 908 772; x_wconf 88' lang='lat' dir='ltr'>amicum</span> <span class='ocrx_word' id='word_1_70' title='bbox 937 747 1060 772; x_wconf 89' lang='lat' dir='ltr'>suum</span> <span class='ocrx_word' id='word_1_71' title='bbox 1081 733 1287 782; x_wconf 84' lang='lat' dir='ltr'>optimum</span> <span class='ocrx_word' id='word_1_72' title='bbox 1306 732 1352 770; x_wconf 90' lang='lat' dir='ltr'>in</span> <span class='ocrx_word' id='word_1_73' title='bbox 1372 745 1507 770; x_wconf 89' lang='lat' dir='ltr'>neces-</span> 
     </span>
     <span class='ocr_line' id='line_1_10' title="bbox 248 795 1506 845; baseline -0.002 -11"><span class='ocrx_word' id='word_1_74' title='bbox 248 797 370 834; x_wconf 88' lang='lat' dir='ltr'>sitate</span> <span class='ocrx_word' id='word_1_75' title='bbox 393 797 576 845; x_wconf 89' lang='lat' dir='ltr'>positum</span> <span class='ocrx_word' id='word_1_76' title='bbox 604 810 703 835; x_wconf 88' lang='lat' dir='ltr'>auro</span> <span class='ocrx_word' id='word_1_77' title='bbox 732 797 920 843; x_wconf 89' lang='lat' dir='ltr'>uendere,</span> <span class='ocrx_word' id='word_1_78' title='bbox 944 796 1074 833; x_wconf 87' lang='lat' dir='ltr'>immo</span> <span class='ocrx_word' id='word_1_79' title='bbox 1098 795 1223 833; x_wconf 88' lang='lat' dir='ltr'>fidem</span> <span class='ocrx_word' id='word_1_80' title='bbox 1249 808 1377 839; x_wconf 83' lang='lat' dir='ltr'>suam,</span> <span class='ocrx_word' id='word_1_81' title='bbox 1403 806 1506 843; x_wconf 86' lang='lat' dir='ltr'>quae</span> 
     </span>
     <span class='ocr_line' id='line_1_11' title="bbox 248 860 1507 912; baseline -0.002 -12"><span class='ocrx_word' id='word_1_82' title='bbox 248 862 442 900; x_wconf 90' lang='lat' dir='ltr'>omnibus</span> <span class='ocrx_word' id='word_1_83' title='bbox 480 863 733 900; x_wconf 82' lang='lat' dir='ltr'>ornamentis</span> <span class='ocrx_word' id='word_1_84' title='bbox 770 862 986 912; x_wconf 80' lang='lat' dir='ltr'>pretiosior</span> <span class='ocrx_word' id='word_1_85' title='bbox 1024 863 1098 904; x_wconf 80' lang='lat' dir='ltr'>est,</span> <span class='ocrx_word' id='word_1_86' title='bbox 1136 873 1273 898; x_wconf 87' lang='lat' dir='ltr'>amore</span> <span class='ocrx_word' id='word_1_87' title='bbox 1311 860 1507 909; x_wconf 85' lang='lat' dir='ltr'>pecuniae</span> 
     </span>
     <span class='ocr_line' id='line_1_12' title="bbox 248 926 1507 977; baseline -0.002 -12"><span class='ocrx_word' id='word_1_88' title='bbox 248 928 443 977; x_wconf 90' lang='lat' dir='ltr'>perdere.’</span> <span class='ocrx_word' id='word_1_89' title='bbox 500 928 608 976; x_wconf 77' lang='lat' dir='ltr'>Quid</span> <span class='ocrx_word' id='word_1_90' title='bbox 628 928 777 977; x_wconf 86' lang='lat' dir='ltr'>plura‘?</span> <span class='ocrx_word' id='word_1_91' title='bbox 833 928 946 965; x_wconf 85' lang='lat' dir='ltr'>Fecit</span> <span class='ocrx_word' id='word_1_92' title='bbox 966 940 1046 974; x_wconf 81' lang='lat' dir='ltr'>rex,</span> <span class='ocrx_word' id='word_1_93' title='bbox 1071 928 1118 964; x_wconf 88' lang='lat' dir='ltr'>ut</span> <span class='ocrx_word' id='word_1_94' title='bbox 1139 926 1296 964; x_wconf 90' lang='lat' dir='ltr'>dictum</span> <span class='ocrx_word' id='word_1_95' title='bbox 1317 927 1376 962; x_wconf 90' lang='lat' dir='ltr'>est</span> <span class='ocrx_word' id='word_1_96' title='bbox 1395 940 1403 972; x_wconf 90' lang='grc'>;</span> <span class='ocrx_word' id='word_1_97' title='bbox 1432 937 1507 963; x_wconf 89' lang='lat' dir='ltr'>nec</span> 
     </span>
     <span class='ocr_line' id='line_1_13' title="bbox 249 990 1506 1038; baseline -0.002 -8"><span class='ocrx_word' id='word_1_98' title='bbox 249 993 384 1030; x_wconf 90' lang='lat' dir='ltr'>solum</span> <span class='ocrx_word' id='word_1_99' title='bbox 430 993 593 1030; x_wconf 76' lang='lat' dir='ltr'>exulem</span> <span class='ocrx_word' id='word_1_100' title='bbox 631 993 792 1031; x_wconf 87' lang='lat' dir='ltr'>nuntiis</span> <span class='ocrx_word' id='word_1_101' title='bbox 830 992 1051 1031; x_wconf 88' lang='lat' dir='ltr'>hostilibus</span> <span class='ocrx_word' id='word_1_102' title='bbox 1089 1005 1174 1029; x_wconf 93' lang='lat' dir='ltr'>non</span> <span class='ocrx_word' id='word_1_103' title='bbox 1212 990 1393 1038; x_wconf 82' lang='lat' dir='ltr'>tradidit,</span> <span class='ocrx_word' id='word_1_104' title='bbox 1435 990 1506 1028; x_wconf 90' lang='lat' dir='ltr'>sed</span> 
     </span>
     <span class='ocr_line' id='line_1_14' title="bbox 22 1055 1508 1107; baseline -0.003 -11"><span class='ocrx_word' id='word_1_105' title='bbox 22 1065 70 1091; x_wconf 79' lang='lat' dir='ltr'>Its</span> <span class='ocrx_word' id='word_1_106' title='bbox 84 1063 184 1091; x_wconf 85' lang='lat' dir='ltr'>fulfil-</span> <span class='ocrx_word' id='word_1_107' title='bbox 250 1058 374 1096; x_wconf 89' lang='lat' dir='ltr'>etiam</span> <span class='ocrx_word' id='word_1_108' title='bbox 404 1071 511 1106; x_wconf 90' lang='lat' dir='ltr'>eum,</span> <span class='ocrx_word' id='word_1_109' title='bbox 541 1061 588 1096; x_wconf 87' lang='lat' dir='ltr'>ut</span> <span class='ocrx_word' id='word_1_110' title='bbox 617 1058 661 1096; x_wconf 91' lang='lat' dir='ltr'>in</span> <span class='ocrx_word' id='word_1_111' title='bbox 690 1072 864 1107; x_wconf 86' lang='lat' dir='ltr'>regnum</span> <span class='ocrx_word' id='word_1_112' title='bbox 892 1058 1136 1107; x_wconf 88' lang='lat' dir='ltr'>perueniret,</span> <span class='ocrx_word' id='word_1_113' title='bbox 1169 1056 1339 1095; x_wconf 85' lang='lat' dir='ltr'>adiuuit.</span> <span class='ocrx_word' id='word_1_114' title='bbox 1400 1055 1508 1093; x_wconf 87' lang='lat' dir='ltr'>Nam</span> 
     </span>
     <span class='ocr_line' id='line_1_15' title="bbox 22 1103 1509 1177; baseline -0.002 -16"><span class='ocrx_word' id='word_1_115' title='bbox 22 1103 227 1170; x_wconf 43' lang='lat' dir='ltr'>ffssffleagsshe</span> <span class='ocrx_word' id='word_1_116' title='bbox 250 1136 347 1161; x_wconf 77' lang='lat' dir='ltr'>mox</span> <span class='ocrx_word' id='word_1_117' title='bbox 385 1123 654 1160; x_wconf 85' lang='lat' dir='ltr'>redeuntibus</span> <span class='ocrx_word' id='word_1_118' title='bbox 692 1123 862 1160; x_wconf 87' lang='lat' dir='ltr'>domum</span> <span class='ocrx_word' id='word_1_119' title='bbox 900 1122 1069 1177; x_wconf 86' lang='lat' dir='ltr'>nuntiis,</span> <span class='ocrx_word' id='word_1_120' title='bbox 1108 1122 1331 1159; x_wconf 79' lang='lat' dir='ltr'>exercitum</span> <span class='ocrx_word' id='word_1_121' title='bbox 1362 1120 1413 1158; x_wconf 89' lang='lat' dir='ltr'>ad</span> <span class='ocrx_word' id='word_1_122' title='bbox 1447 1120 1509 1158; x_wconf 88' lang='lat' dir='ltr'>de-</span> 
     </span>
     <span class='ocr_line' id='line_1_16' title="bbox 22 1182 1509 1237; baseline -0.002 -11"><span class='ocrx_word' id='word_1_123' title='bbox 22 1183 78 1210; x_wconf 77' lang='lat' dir='ltr'>the</span> <span class='ocrx_word' id='word_1_124' title='bbox 94 1182 172 1210; x_wconf 81' lang='lat' dir='ltr'>Idle.</span> <span class='ocrx_word' id='word_1_125' title='bbox 250 1188 493 1226; x_wconf 86' lang='lat' dir='ltr'>bellandum</span> <span class='ocrx_word' id='word_1_126' title='bbox 531 1188 812 1226; x_wconf 85' lang='lat' dir='ltr'>Aedilfridum</span> <span class='ocrx_word' id='word_1_127' title='bbox 851 1187 1031 1237; x_wconf 83' lang='lat' dir='ltr'>colligit¹</span> <span class='ocrx_word' id='word_1_128' title='bbox 1072 1187 1293 1236; x_wconf 89' lang='lat' dir='ltr'>copiosum,</span> <span class='ocrx_word' id='word_1_129' title='bbox 1331 1198 1509 1234; x_wconf 89' lang='lat' dir='ltr'>eumque</span> 
     </span>
     <span class='ocr_line' id='line_1_17' title="bbox 251 1251 1508 1302; baseline -0.002 -10"><span class='ocrx_word' id='word_1_130' title='bbox 251 1254 331 1293; x_wconf 83' lang='lat' dir='ltr'>sibi</span> <span class='ocrx_word' id='word_1_131' title='bbox 367 1256 650 1291; x_wconf 86' lang='lat' dir='ltr'>occurrentem</span> <span class='ocrx_word' id='word_1_132' title='bbox 684 1267 779 1291; x_wconf 91' lang='lat' dir='ltr'>cum</span> <span class='ocrx_word' id='word_1_133' title='bbox 814 1253 993 1291; x_wconf 76' lang='lat' dir='ltr'>exercitu</span> <span class='ocrx_word' id='word_1_134' title='bbox 1025 1253 1207 1290; x_wconf 89' lang='lat' dir='ltr'>multum</span> <span class='ocrx_word' id='word_1_135' title='bbox 1240 1252 1373 1301; x_wconf 88' lang='lat' dir='ltr'>inpari</span> <span class='ocrx_word' id='word_1_136' title='bbox 1407 1251 1508 1302; x_wconf 89' lang='lat' dir='ltr'>(non</span> 
     </span>
     <span class='ocr_line' id='line_1_18' title="bbox 252 1318 1512 1367; baseline -0.002 -10"><span class='ocrx_word' id='word_1_137' title='bbox 252 1319 364 1359; x_wconf 88' lang='lat' dir='ltr'>enim</span> <span class='ocrx_word' id='word_1_138' title='bbox 385 1319 551 1356; x_wconf 81' lang='lat' dir='ltr'>dederat</span> <span class='ocrx_word' id='word_1_139' title='bbox 571 1319 634 1356; x_wconf 90' lang='lat' dir='ltr'>illi</span> <span class='ocrx_word' id='word_1_140' title='bbox 649 1319 838 1367; x_wconf 86' lang='lat' dir='ltr'>spatium,</span> <span class='ocrx_word' id='word_1_141' title='bbox 860 1331 940 1367; x_wconf 91' lang='lat' dir='ltr'>quo</span> <span class='ocrx_word' id='word_1_142' title='bbox 956 1319 1092 1356; x_wconf 88' lang='lat' dir='ltr'>totum</span> <span class='ocrx_word' id='word_1_143' title='bbox 1113 1331 1234 1355; x_wconf 92' lang='lat' dir='ltr'>suum</span> <span class='ocrx_word' id='word_1_144' title='bbox 1250 1318 1512 1367; x_wconf 80' lang='lat' dir='ltr'>congregaret</span> 
     </span>
     <span class='ocr_line' id='line_1_19' title="bbox 252 1383 1511 1435; baseline -0.003 -11"><span class='ocrx_word' id='word_1_145' title='bbox 252 1389 374 1435; x_wconf 86' lang='lat' dir='ltr'>atque</span> <span class='ocrx_word' id='word_1_146' title='bbox 390 1385 587 1425; x_wconf 79' lang='lat' dir='ltr'>adunaret</span> <span class='ocrx_word' id='word_1_147' title='bbox 604 1384 858 1432; x_wconf 75' lang='lat' dir='ltr'>exercitum),</span> <span class='ocrx_word' id='word_1_148' title='bbox 879 1383 1023 1421; x_wconf 89' lang='lat' dir='ltr'>occidit</span> <span class='ocrx_word' id='word_1_149' title='bbox 1040 1383 1085 1421; x_wconf 91' lang='lat' dir='ltr'>in</span> <span class='ocrx_word' id='word_1_150' title='bbox 1097 1383 1252 1421; x_wconf 89' lang='lat' dir='ltr'>finibus</span> <span class='ocrx_word' id='word_1_151' title='bbox 1264 1383 1399 1432; x_wconf 84' lang='lat' dir='ltr'>gentis</span> <span class='ocrx_word' id='word_1_152' title='bbox 1411 1383 1511 1420; x_wconf 89' lang='lat' dir='ltr'>Mer-</span> 
     </span>
     <span class='ocr_line' id='line_1_20' title="bbox 254 1446 1510 1498; baseline -0.004 -8"><span class='ocrx_word' id='word_1_153' title='bbox 254 1452 411 1490; x_wconf 88' lang='lat' dir='ltr'>ciorum</span> <span class='ocrx_word' id='word_1_154' title='bbox 426 1452 476 1490; x_wconf 87' lang='lat' dir='ltr'>ad</span> <span class='ocrx_word' id='word_1_155' title='bbox 489 1450 732 1488; x_wconf 87' lang='lat' dir='ltr'>orientalem</span> <span class='ocrx_word' id='word_1_156' title='bbox 745 1449 906 1498; x_wconf 86' lang='lat' dir='ltr'>plagam</span> <span class='ocrx_word' id='word_1_157' title='bbox 922 1449 1067 1497; x_wconf 86' lang='lat' dir='ltr'>amnis,</span> <span class='ocrx_word' id='word_1_158' title='bbox 1086 1448 1157 1498; x_wconf 90' lang='lat' dir='ltr'>qui</span> <span class='ocrx_word' id='word_1_159' title='bbox 1172 1450 1342 1486; x_wconf 87' lang='lat' dir='ltr'>uocatur</span> <span class='ocrx_word' id='word_1_160' title='bbox 1358 1448 1458 1486; x_wconf 86' lang='lat' dir='ltr'>Idlae</span> <span class='ocrx_word' id='word_1_161' title='bbox 1471 1446 1484 1466; x_wconf 72' lang='lat'><strong>²</strong></span> <span class='ocrx_word' id='word_1_162' title='bbox 1501 1462 1510 1495; x_wconf 88' lang='lat'>;</span> 
     </span>
     <span class='ocr_line' id='line_1_21' title="bbox 254 1513 1511 1567; baseline -0.005 -11"><span class='ocrx_word' id='word_1_163' title='bbox 254 1518 297 1555; x_wconf 91' lang='lat' dir='ltr'>in</span> <span class='ocrx_word' id='word_1_164' title='bbox 327 1532 408 1567; x_wconf 91' lang='lat' dir='ltr'>quo</span> <span class='ocrx_word' id='word_1_165' title='bbox 437 1515 662 1555; x_wconf 83' lang='lat' dir='ltr'>certamine</span> <span class='ocrx_word' id='word_1_166' title='bbox 689 1517 730 1553; x_wconf 90' lang='lat' dir='ltr'>et</span> <span class='ocrx_word' id='word_1_167' title='bbox 755 1514 866 1552; x_wconf 91' lang='lat' dir='ltr'>filius</span> <span class='ocrx_word' id='word_1_168' title='bbox 891 1513 1103 1562; x_wconf 86' lang='lat' dir='ltr'>Redualdi,</span> <span class='ocrx_word' id='word_1_169' title='bbox 1127 1514 1326 1552; x_wconf 89' lang='lat' dir='ltr'>uocabulo</span> <span class='ocrx_word' id='word_1_170' title='bbox 1347 1514 1511 1562; x_wconf 82' lang='lat' dir='ltr'>Raegen·</span> 
     </span>
     <span class='ocr_line' id='line_1_22' title="bbox 252 1579 1510 1631; baseline -0.004 -10"><span class='ocrx_word' id='word_1_171' title='bbox 252 1584 344 1621; x_wconf 91' lang='lat' dir='ltr'>heri</span> <span class='ocrx_word' id='word_1_172' title='bbox 356 1584 379 1631; x_wconf 66' lang='lat'>³³,</span> <span class='ocrx_word' id='word_1_173' title='bbox 397 1583 553 1621; x_wconf 89' lang='lat' dir='ltr'>occisus</span> <span class='ocrx_word' id='word_1_174' title='bbox 567 1583 639 1619; x_wconf 90' lang='lat' dir='ltr'>est.</span> <span class='ocrx_word' id='word_1_175' title='bbox 673 1581 735 1618; x_wconf 89' lang='lat' dir='ltr'>Ac</span> <span class='ocrx_word' id='word_1_176' title='bbox 748 1580 804 1618; x_wconf 88' lang='lat' dir='ltr'>sic</span> <span class='ocrx_word' id='word_1_177' title='bbox 817 1579 1021 1618; x_wconf 74' lang='lat' dir='ltr'>Aeduini⁴</span> <span class='ocrx_word' id='word_1_178' title='bbox 1035 1579 1150 1617; x_wconf 81' lang='lat' dir='ltr'>iuxta</span> <span class='ocrx_word' id='word_1_179' title='bbox 1163 1579 1383 1626; x_wconf 87' lang='lat' dir='ltr'>oraculum,</span> <span class='ocrx_word' id='word_1_180' title='bbox 1402 1579 1510 1628; x_wconf 89' lang='lat' dir='ltr'>quod</span> 
     </span>
     <span class='ocr_line' id='line_1_23' title="bbox 252 1643 1506 1698; baseline -0.005 -11"><span class='ocrx_word' id='word_1_181' title='bbox 252 1650 471 1698; x_wconf 81' lang='lat' dir='ltr'>acceperat,</span> <span class='ocrx_word' id='word_1_182' title='bbox 490 1661 575 1686; x_wconf 91' lang='lat' dir='ltr'>non</span> <span class='ocrx_word' id='word_1_183' title='bbox 595 1648 761 1685; x_wconf 86' lang='lat' dir='ltr'>tantum</span> <span class='ocrx_word' id='word_1_184' title='bbox 781 1645 888 1694; x_wconf 88' lang='lat' dir='ltr'>regis</span> <span class='ocrx_word' id='word_1_185' title='bbox 904 1645 982 1683; x_wconf 85' lang='lat' dir='ltr'>sibi</span> <span class='ocrx_word' id='word_1_186' title='bbox 997 1645 1139 1682; x_wconf 87' lang='lat' dir='ltr'>infesti</span> <span class='ocrx_word' id='word_1_187' title='bbox 1161 1644 1333 1682; x_wconf 85' lang='lat' dir='ltr'>insidias</span> <span class='ocrx_word' id='word_1_188' title='bbox 1348 1643 1506 1689; x_wconf 84' lang='lat' dir='ltr'>uitauit,</span> 
     </span>
     <span class='ocr_line' id='line_1_24' title="bbox 254 1709 1508 1761; baseline -0.003 -9"><span class='ocrx_word' id='word_1_189' title='bbox 254 1728 399 1752; x_wconf 87' lang='lat' dir='ltr'>uerum</span> <span class='ocrx_word' id='word_1_190' title='bbox 420 1713 545 1751; x_wconf 88' lang='lat' dir='ltr'>etiam</span> <span class='ocrx_word' id='word_1_191' title='bbox 565 1712 699 1750; x_wconf 87' lang='lat' dir='ltr'>eidem</span> <span class='ocrx_word' id='word_1_192' title='bbox 718 1713 901 1761; x_wconf 86' lang='lat' dir='ltr'>peremto</span> <span class='ocrx_word' id='word_1_193' title='bbox 914 1711 959 1748; x_wconf 91' lang='lat' dir='ltr'>in</span> <span class='ocrx_word' id='word_1_194' title='bbox 976 1711 1093 1760; x_wconf 85' lang='lat' dir='ltr'>regni</span> <span class='ocrx_word' id='word_1_195' title='bbox 1113 1710 1287 1759; x_wconf 87' lang='lat' dir='ltr'>gloriam</span> <span class='ocrx_word' id='word_1_196' title='bbox 1304 1709 1508 1748; x_wconf 87' lang='lat' dir='ltr'>successit.</span> 
     </span>
     <span class='ocr_line' id='line_1_25' title="bbox 28 1776 1516 1830; baseline -0.005 -11"><span class='ocrx_word' id='word_1_197' title='bbox 28 1785 187 1830; x_wconf 59' lang='lat' dir='ltr'>Paulinus</span> <span class='ocrx_word' id='word_1_198' title='bbox 310 1780 417 1818; x_wconf 85' lang='lat' dir='ltr'>Cum</span> <span class='ocrx_word' id='word_1_199' title='bbox 437 1792 531 1828; x_wconf 86' lang='lat' dir='ltr'>ergo</span> <span class='ocrx_word' id='word_1_200' title='bbox 550 1777 808 1827; x_wconf 82' lang='lat' dir='ltr'>praedicante</span> <span class='ocrx_word' id='word_1_201' title='bbox 821 1777 833 1796; x_wconf 82' lang='lat'>⁵</span> <span class='ocrx_word' id='word_1_202' title='bbox 854 1776 1029 1814; x_wconf 89' lang='lat' dir='ltr'>uerbum</span> <span class='ocrx_word' id='word_1_203' title='bbox 1050 1776 1128 1813; x_wconf 91' lang='lat' dir='ltr'>Dei</span> <span class='ocrx_word' id='word_1_204' title='bbox 1144 1776 1320 1813; x_wconf 90' lang='lat' dir='ltr'>Paulino</span> <span class='ocrx_word' id='word_1_205' title='bbox 1341 1788 1412 1813; x_wconf 81' lang='lat' dir='ltr'>rex</span> <span class='ocrx_word' id='word_1_206' title='bbox 1438 1788 1516 1812; x_wconf 90' lang='lat' dir='ltr'>cre·</span> 
     </span>
     <span class='ocr_line' id='line_1_26' title="bbox 27 1826 1510 1893; baseline -0.004 -9"><span class='ocrx_word' id='word_1_207' title='bbox 27 1826 194 1893; x_wconf 50' lang='grc' dir='ltr'>Ξῖἓῗὲἓῇ</span> <span class='ocrx_word' id='word_1_208' title='bbox 257 1846 353 1884; x_wconf 88' lang='lat' dir='ltr'>dere</span> <span class='ocrx_word' id='word_1_209' title='bbox 391 1845 585 1889; x_wconf 85' lang='lat' dir='ltr'>differret,</span> <span class='ocrx_word' id='word_1_210' title='bbox 629 1845 669 1881; x_wconf 90' lang='lat' dir='ltr'>et</span> <span class='ocrx_word' id='word_1_211' title='bbox 707 1855 778 1892; x_wconf 91' lang='lat' dir='ltr'>per</span> <span class='ocrx_word' id='word_1_212' title='bbox 815 1842 979 1891; x_wconf 86' lang='lat' dir='ltr'>aliquod</span> <span class='ocrx_word' id='word_1_213' title='bbox 1017 1843 1193 1891; x_wconf 88' lang='lat' dir='ltr'>tempus,</span> <span class='ocrx_word' id='word_1_214' title='bbox 1232 1843 1279 1879; x_wconf 90' lang='lat' dir='ltr'>ut</span> <span class='ocrx_word' id='word_1_215' title='bbox 1317 1841 1510 1888; x_wconf 76' lang='lat' dir='ltr'>diximus,</span> 
     </span>
     <span class='ocr_line' id='line_1_27' title="bbox 255 1907 1511 1960; baseline -0.004 -11"><span class='ocrx_word' id='word_1_216' title='bbox 255 1911 369 1949; x_wconf 88' lang='lat' dir='ltr'>horis</span> <span class='ocrx_word' id='word_1_217' title='bbox 395 1909 710 1960; x_wconf 83' lang='lat' dir='ltr'>conpetentibus</span> <span class='ocrx_word' id='word_1_218' title='bbox 731 1908 940 1946; x_wconf 89' lang='lat' dir='ltr'>solitarius</span> <span class='ocrx_word' id='word_1_219' title='bbox 965 1907 1134 1955; x_wconf 89' lang='lat' dir='ltr'>sederet,</span> <span class='ocrx_word' id='word_1_220' title='bbox 1160 1907 1283 1956; x_wconf 72' lang='lat' dir='ltr'>quid⁶</span> <span class='ocrx_word' id='word_1_221' title='bbox 1305 1907 1511 1956; x_wconf 88' lang='lat' dir='ltr'>agendum</span> 
     </span>
     <span class='ocr_line' id='line_1_28' title="bbox 255 1972 1513 2024; baseline -0.004 -10"><span class='ocrx_word' id='word_1_222' title='bbox 255 1976 337 2014; x_wconf 85' lang='lat' dir='ltr'>sibi</span> <span class='ocrx_word' id='word_1_223' title='bbox 365 1978 482 2023; x_wconf 90' lang='lat' dir='ltr'>esset,</span> <span class='ocrx_word' id='word_1_224' title='bbox 511 1988 614 2024; x_wconf 89' lang='lat' dir='ltr'>quae</span> <span class='ocrx_word' id='word_1_225' title='bbox 643 1973 789 2024; x_wconf 87' lang='lat' dir='ltr'>religio</span> <span class='ocrx_word' id='word_1_226' title='bbox 819 1973 1035 2021; x_wconf 88' lang='lat' dir='ltr'>sequenda,</span> <span class='ocrx_word' id='word_1_227' title='bbox 1059 1973 1228 2010; x_wconf 88' lang='lat' dir='ltr'>sedulus</span> <span class='ocrx_word' id='word_1_228' title='bbox 1257 1985 1396 2010; x_wconf 89' lang='lat' dir='ltr'>secum</span> <span class='ocrx_word' id='word_1_229' title='bbox 1425 1972 1513 2021; x_wconf 90' lang='lat' dir='ltr'>ipse</span> 
     </span>
     <span class='ocr_line' id='line_1_29' title="bbox 256 2036 1514 2088; baseline -0.005 -8"><span class='ocrx_word' id='word_1_230' title='bbox 256 2040 428 2080; x_wconf 85' lang='lat' dir='ltr'>scrutari</span> <span class='ocrx_word' id='word_1_231' title='bbox 452 2041 698 2087; x_wconf 86' lang='lat' dir='ltr'>consuesset,</span> <span class='ocrx_word' id='word_1_232' title='bbox 723 2039 960 2088; x_wconf 86' lang='lat' dir='ltr'>ingrediens</span> <span class='ocrx_word' id='word_1_233' title='bbox 979 2039 1029 2076; x_wconf 89' lang='lat' dir='ltr'>ad</span> <span class='ocrx_word' id='word_1_234' title='bbox 1050 2051 1146 2076; x_wconf 90' lang='lat' dir='ltr'>eum</span> <span class='ocrx_word' id='word_1_235' title='bbox 1168 2038 1343 2087; x_wconf 86' lang='lat' dir='ltr'>quadam</span> <span class='ocrx_word' id='word_1_236' title='bbox 1364 2037 1429 2075; x_wconf 89' lang='lat' dir='ltr'>die</span> <span class='ocrx_word' id='word_1_237' title='bbox 1449 2036 1514 2074; x_wconf 85' lang='lat' dir='ltr'>uir</span> 
     </span>
     <span class='ocr_line' id='line_1_30' title="bbox 258 2103 1514 2156; baseline -0.004 -11"><span class='ocrx_word' id='word_1_238' title='bbox 258 2107 346 2155; x_wconf 92' lang='lat' dir='ltr'>Dei,</span> <span class='ocrx_word' id='word_1_239' title='bbox 377 2107 559 2156; x_wconf 89' lang='lat' dir='ltr'>inposuit</span> <span class='ocrx_word' id='word_1_240' title='bbox 587 2106 798 2143; x_wconf 82' lang='lat' dir='ltr'>dexteram</span> <span class='ocrx_word' id='word_1_241' title='bbox 827 2104 950 2153; x_wconf 86' lang='lat' dir='ltr'>capiti</span> <span class='ocrx_word' id='word_1_242' title='bbox 977 2103 1065 2141; x_wconf 89' lang='lat' dir='ltr'>eius</span> <span class='ocrx_word' id='word_1_243' title='bbox 1088 2105 1139 2151; x_wconf 91' lang='lat' dir='ltr'>et,</span> <span class='ocrx_word' id='word_1_244' title='bbox 1163 2117 1216 2141; x_wconf 91' lang='lat' dir='ltr'>an</span> <span class='ocrx_word' id='word_1_245' title='bbox 1242 2103 1318 2141; x_wconf 89' lang='lat' dir='ltr'>hoc</span> <span class='ocrx_word' id='word_1_246' title='bbox 1348 2103 1514 2152; x_wconf 87' lang='lat' dir='ltr'>signum</span> 
     </span>
     <span class='ocr_line' id='line_1_31' title="bbox 259 2167 1515 2222; baseline -0.004 -12"><span class='ocrx_word' id='word_1_247' title='bbox 259 2173 506 2222; x_wconf 87' lang='lat' dir='ltr'>agnosceret,</span> <span class='ocrx_word' id='word_1_248' title='bbox 527 2169 754 2220; x_wconf 88' lang='lat' dir='ltr'>requisiuit.</span> <span class='ocrx_word' id='word_1_249' title='bbox 815 2169 894 2217; x_wconf 79' lang='lat' dir='ltr'>Qui</span> <span class='ocrx_word' id='word_1_250' title='bbox 910 2183 1004 2207; x_wconf 90' lang='lat' dir='ltr'>cum</span> <span class='ocrx_word' id='word_1_251' title='bbox 1020 2170 1203 2206; x_wconf 87' lang='lat' dir='ltr'>tremens</span> <span class='ocrx_word' id='word_1_252' title='bbox 1222 2169 1272 2206; x_wconf 89' lang='lat' dir='ltr'>ad</span> <span class='ocrx_word' id='word_1_253' title='bbox 1292 2168 1415 2217; x_wconf 91' lang='lat' dir='ltr'>pedes</span> <span class='ocrx_word' id='word_1_254' title='bbox 1428 2167 1515 2205; x_wconf 88' lang='lat' dir='ltr'>eius</span> 
     </span>
     <span class='ocr_line' id='line_1_32' title="bbox 260 2233 1515 2288; baseline -0.005 -12"><span class='ocrx_word' id='word_1_255' title='bbox 260 2238 469 2288; x_wconf 85' lang='lat' dir='ltr'>procidere</span> <span class='ocrx_word' id='word_1_256' title='bbox 495 2237 634 2284; x_wconf 90' lang='lat' dir='ltr'>uellet,</span> <span class='ocrx_word' id='word_1_257' title='bbox 663 2235 819 2273; x_wconf 86' lang='lat' dir='ltr'>leuauit</span> <span class='ocrx_word' id='word_1_258' title='bbox 849 2249 954 2283; x_wconf 86' lang='lat' dir='ltr'>eum,</span> <span class='ocrx_word' id='word_1_259' title='bbox 980 2236 1020 2272; x_wconf 89' lang='lat' dir='ltr'>et</span> <span class='ocrx_word' id='word_1_260' title='bbox 1050 2235 1165 2284; x_wconf 86' lang='lat' dir='ltr'>quasi</span> <span class='ocrx_word' id='word_1_261' title='bbox 1192 2233 1387 2271; x_wconf 81' lang='lat' dir='ltr'>familiari</span> <span class='ocrx_word' id='word_1_262' title='bbox 1416 2246 1515 2270; x_wconf 92' lang='lat' dir='ltr'>uoce</span> 
     </span>
     <span class='ocr_line' id='line_1_33' title="bbox 260 2298 1509 2350; baseline -0.006 -8"><span class='ocrx_word' id='word_1_263' title='bbox 260 2304 431 2342; x_wconf 86' lang='lat' dir='ltr'>affatus:</span> <span class='ocrx_word' id='word_1_264' title='bbox 466 2302 616 2350; x_wconf 83' lang='lat' dir='ltr'>‘Ecce,’</span> <span class='ocrx_word' id='word_1_265' title='bbox 632 2301 780 2350; x_wconf 89' lang='lat' dir='ltr'>inquit,</span> <span class='ocrx_word' id='word_1_266' title='bbox 803 2300 1005 2338; x_wconf 76' lang='lat' dir='ltr'>‘hostium</span> <span class='ocrx_word' id='word_1_267' title='bbox 1026 2312 1185 2347; x_wconf 84' lang='lat' dir='ltr'>manus,</span> <span class='ocrx_word' id='word_1_268' title='bbox 1206 2311 1307 2348; x_wconf 89' lang='lat' dir='ltr'>quos</span> <span class='ocrx_word' id='word_1_269' title='bbox 1321 2298 1509 2345; x_wconf 85' lang='lat' dir='ltr'>timuisti,</span> 
     </span>
     <span class='ocr_line' id='line_1_34' title="bbox 261 2363 1516 2415; baseline -0.006 -7"><span class='ocrx_word' id='word_1_270' title='bbox 261 2369 439 2408; x_wconf 85' lang='lat' dir='ltr'>Domino</span> <span class='ocrx_word' id='word_1_271' title='bbox 470 2369 650 2406; x_wconf 83' lang='lat' dir='ltr'>donante</span> <span class='ocrx_word' id='word_1_272' title='bbox 683 2366 875 2414; x_wconf 78' lang='lat' dir='ltr'>euasisti3</span> <span class='ocrx_word' id='word_1_273' title='bbox 922 2379 1013 2403; x_wconf 87' lang='lat' dir='ltr'>ecce</span> <span class='ocrx_word' id='word_1_274' title='bbox 1044 2377 1230 2415; x_wconf 84' lang='lat' dir='ltr'>regnum,</span> <span class='ocrx_word' id='word_1_275' title='bbox 1269 2364 1375 2413; x_wconf 89' lang='lat' dir='ltr'>quod</span> <span class='ocrx_word' id='word_1_276' title='bbox 1415 2363 1516 2401; x_wconf 91' lang='lat' dir='ltr'>desi-</span> 
     </span>
    </p>
   </div>
   <div class='ocr_carea' id='block_1_3' title="bbox 261 2431 1514 2483">
    <p class='ocr_par' dir='ltr' id='par_1_3' title="bbox 261 2431 1514 2483">
     <span class='ocr_line' id='line_1_35' title="bbox 261 2431 1514 2483; baseline -0.006 -10"><span class='ocrx_word' id='word_1_277' title='bbox 261 2434 422 2482; x_wconf 84' lang='lat' dir='ltr'>derasti,</span> <span class='ocrx_word' id='word_1_278' title='bbox 446 2434 534 2483; x_wconf 87' lang='lat' dir='ltr'>ipso</span> <span class='ocrx_word' id='word_1_279' title='bbox 567 2432 767 2482; x_wconf 85' lang='lat' dir='ltr'>largiente</span> <span class='ocrx_word' id='word_1_280' title='bbox 799 2431 1016 2481; x_wconf 87' lang='lat' dir='ltr'>percepisti</span> <span class='ocrx_word' id='word_1_281' title='bbox 1029 2431 1052 2469; x_wconf 87' lang='lat'>⁷.</span> <span class='ocrx_word' id='word_1_282' title='bbox 1114 2431 1334 2478; x_wconf 85' lang='lat' dir='ltr'>Memento,</span> <span class='ocrx_word' id='word_1_283' title='bbox 1359 2431 1406 2467; x_wconf 92' lang='lat' dir='ltr'>ut</span> <span class='ocrx_word' id='word_1_284' title='bbox 1434 2431 1514 2467; x_wconf 89' lang='lat' dir='ltr'>ter-</span> 
     </span>
    </p>
   </div>
   <div class='ocr_carea' id='block_1_4' title="bbox 260 2538 1516 2634">
    <p class='ocr_par' dir='ltr' id='par_1_4' title="bbox 260 2538 1516 2634">
     <span class='ocr_line' id='line_1_36' title="bbox 305 2538 1516 2582; baseline -0.004 -8"><span class='ocrx_word' id='word_1_285' title='bbox 305 2543 314 2560; x_wconf 78' lang='lat'>1</span> <span class='ocrx_word' id='word_1_286' title='bbox 337 2543 478 2582; x_wconf 80' lang='lat' dir='ltr'>collegit</span> <span class='ocrx_word' id='word_1_287' title='bbox 496 2542 554 2573; x_wconf 75' lang='lat' dir='ltr'>M2.</span> <span class='ocrx_word' id='word_1_288' title='bbox 572 2541 624 2572; x_wconf 67' lang='lat' dir='ltr'>B2.</span> <span class='ocrx_word' id='word_1_289' title='bbox 727 2539 739 2557; x_wconf 81' lang='lat'><strong>²</strong></span> <span class='ocrx_word' id='word_1_290' title='bbox 763 2541 855 2572; x_wconf 86' lang='lat' dir='ltr'>idlae</span> <span class='ocrx_word' id='word_1_291' title='bbox 873 2540 910 2571; x_wconf 87' lang='lat' dir='ltr'>C.</span> <span class='ocrx_word' id='word_1_292' title='bbox 929 2540 968 2571; x_wconf 91' lang='lat' dir='ltr'>B.</span> <span class='ocrx_word' id='word_1_293' title='bbox 1091 2538 1102 2556; x_wconf 77' lang='lat'>³</span> <span class='ocrx_word' id='word_1_294' title='bbox 1127 2540 1248 2579; x_wconf 69' lang='lat' dir='ltr'>raegn-</span> <span class='ocrx_word' id='word_1_295' title='bbox 1265 2539 1290 2570; x_wconf 87' lang='lat' dir='ltr'>C</span> <span class='ocrx_word' id='word_1_296' title='bbox 1306 2549 1313 2576; x_wconf 90' lang='lat'>;</span> <span class='ocrx_word' id='word_1_297' title='bbox 1337 2548 1458 2578; x_wconf 82' lang='lat' dir='ltr'>raegn-</span> <span class='ocrx_word' id='word_1_298' title='bbox 1475 2538 1516 2569; x_wconf 84' lang='lat' dir='ltr'>B.</span> 
     </span>
     <span class='ocr_line' id='line_1_37' title="bbox 260 2589 1514 2634; baseline -0.006 -7"><span class='ocrx_word' id='word_1_299' title='bbox 260 2596 271 2614; x_wconf 81' lang='lat'><strong>⁴</strong></span> <span class='ocrx_word' id='word_1_300' title='bbox 286 2606 312 2627; x_wconf 81' lang='lat' dir='ltr'>v.</span> <span class='ocrx_word' id='word_1_301' title='bbox 329 2597 412 2626; x_wconf 87' lang='lat' dir='ltr'>note</span> <span class='ocrx_word' id='word_1_302' title='bbox 429 2594 449 2634; x_wconf 58' lang='grc' dir='ltr'>ὃ,</span> <span class='ocrx_word' id='word_1_303' title='bbox 469 2604 501 2634; x_wconf 91' lang='lat' dir='ltr'>p.</span> <span class='ocrx_word' id='word_1_304' title='bbox 525 2604 595 2633; x_wconf 90' lang='lat'>109.</span> <span class='ocrx_word' id='word_1_305' title='bbox 678 2593 689 2611; x_wconf 83' lang='lat'>⁵</span> <span class='ocrx_word' id='word_1_306' title='bbox 714 2593 756 2623; x_wconf 87' lang='lat' dir='ltr'>-ti</span> <span class='ocrx_word' id='word_1_307' title='bbox 772 2593 809 2624; x_wconf 88' lang='lat' dir='ltr'>C.</span> <span class='ocrx_word' id='word_1_308' title='bbox 901 2592 912 2609; x_wconf 80' lang='lat'><strong>⁶</strong></span> <span class='ocrx_word' id='word_1_309' title='bbox 935 2594 969 2622; x_wconf 82' lang='lat' dir='ltr'>et</span> <span class='ocrx_word' id='word_1_310' title='bbox 984 2591 1072 2631; x_wconf 89' lang='lat' dir='ltr'>quid</span> <span class='ocrx_word' id='word_1_311' title='bbox 1088 2591 1124 2623; x_wconf 82' lang='lat' dir='ltr'>G.</span> <span class='ocrx_word' id='word_1_312' title='bbox 1141 2590 1194 2623; x_wconf 78' lang='lat'>132.</span> <span class='ocrx_word' id='word_1_313' title='bbox 1283 2589 1295 2606; x_wconf 77' lang='lat'>⁷</span> <span class='ocrx_word' id='word_1_314' title='bbox 1320 2591 1452 2632; x_wconf 85' lang='lat' dir='ltr'>-cipisti</span> <span class='ocrx_word' id='word_1_315' title='bbox 1468 2590 1514 2621; x_wconf 89' lang='lat' dir='ltr'>M.</span> 
     </span>
    </p>
   </div>
   <div class='ocr_carea' id='block_1_5' title="bbox 1714 0 1803 2887">
    <p class='ocr_par' dir='ltr' id='par_1_5' title="bbox 1714 0 1803 2887">
     <span class='ocr_line' id='line_1_38' title="bbox 1714 0 1803 2887; baseline 0 0"><span class='ocrx_word' id='word_1_316' title='bbox 1714 0 1803 2887; x_wconf 95' lang='lat' dir='ltr'> </span> 
     </span>
    </p>
   </div>
  </div>
 </body>
</html>
