1803 2887
37 378 78 405 Is.
96 376 182 405 xxvi.

36 456 86 484 Ps.

36 494 162 522 lxxxiii.
180 496 207 522 8.

37 551 86 578 Ps.
104 550 182 578 lxvi.

39 1259 60 1285 f.
76 1266 110 1293 ²9
123 1265 152 1284 a.

42 1487 138 1515 Baed.

43 1528 59 1562 ξ
81 1535 119 1561 17.

42 1906 85 1936 ib.

631 144 809 183 auctore
839 141 1090 196 Auouymo.
1405 142 1490 182 397

228 255 394 301 ipsorum
408 254 662 301 praepeditur.
697 254 898 301 Egreditur
908 266 992 290 cum
1002 255 1014 275 ¹
1027 254 1213 290 turribulo
1228 254 1273 289 ad
1287 254 1490 289 oratorium

230 314 334 350 beati
358 314 554 350 Laurentii
577 313 762 358 martyria
782 313 880 357 quod
903 316 959 349 est
981 313 1046 347 in²
1074 313 1293 348 dormitorio
1320 313 1489 348 fratrum.

233 375 440 417 sequuntur
458 375 496 408 et
514 372 586 417 ipsi
610 374 808 407 cantantes
827 371 1075 416 antiphonam
1093 372 1138 407 de
1163 372 1367 416 propheta:
1397 371 1491 406 ‘Uia

233 430 417 466 iustorum
430 433 533 466 recta
550 431 652 466 facta
669 433 734 471 est,
748 432 787 465 et
805 430 879 465 iter
896 432 1107 465 sanctorum
1125 432 1389 474 praeparatum
1411 430 1490 470 est‚’

235 492 274 525 et
292 491 301 507 ‘
313 488 571 525 ambulantes³
589 489 634 525 (16
654 489 797 524 uirtute
816 488 856 523 in
874 488 1077 529 uirtutem,’
1097 489 1274 523 adiuncto
1293 490 1331 523 et
1348 488 1491 532 psalmo

233 547 462 594 sexagesimo
481 550 599 591 sexto,
629 551 636 565 ⁴
648 548 746 583 Deus
765 547 989 583 misereatur
1005 547 1122 588 nobis,
1142 549 1179 582 et
1197 547 1398 582 benedicat
1417 559 1492 586 nos,

232 606 462 642 inluminet*
487 606 637 641 uultum
663 617 770 640 suum
796 617 907 650 super
936 617 1012 646 1103,
1049 608 1086 641 et
1120 605 1342 640 misereatur
1366 605 1495 640 nobis.'

232 665 281 700 Et
314 665 368 699 ibi
393 665 545 700 incenso
571 666 682 700 thure
710 665 847 706 exiens,
874 676 1018 699 rursum
1044 664 1261 708 adloquitur
1284 676 1424 705 omnes,
1452 665 1494 698 ut

231 735 362 768 pacem
381 723 547 759 inuicem
566 725 726 761 seruent,
739 724 786 758 ab
805 723 910 763 odiis,
924 723 1234 765 detractionibus,
1251 724 1288 758 et
1307 722 1493 758 scandalis

233 784 402 825 caueant,
436 785 637 827 peccantes
675 793 838 826 quosque
876 781 983 816 iuxta
1016 783 1262 826 praeceptum
1301 781 1492 826 euangelii

232 840 372 886 singuli
389 840 563 885 primum,
583 840 718 876 deinde
737 840 817 875 bini
835 841 896 875 uel
914 840 1013 875 terni
1031 841 1295 884 adloquantur,
1313 843 1426 884 atque
1446 840 1491 875 ad

231 898 334 933 uiam
368 898 543 934 ueritatis
577 910 752 934 reuocare
787 901 972 942 satagent,
1004 901 1052 941 et,
1081 899 1111 934 si
1139 900 1282 934 fructus
1316 901 1494 943 sequatur

233 957 458 992 industriam
471 956 494 997 ⁵,
520 958 721 1003 gaudeant,
749 957 805 992 sin
832 958 934 999 alias,
962 957 1014 993 sic
1044 958 1198 993 tandem
1225 959 1272 992 ad
1297 958 1492 1002 publicum

235 1027 364 1052 eorum
382 1018 504 1051 errata
521 1016 723 1060 proferant,
744 1016 983 1051 concordiam
998 1016 1258 1060 unitatemque
1273 1028 1491 1062 germanam

234 1087 319 1110 cum
342 1074 528 1114 fratribus,
556 1074 620 1118 qui
647 1076 771 1109 essent
798 1075 845 1109 ad
875 1077 1046 1110 sanctum
1073 1075 1242 1117 Paulum,
1267 1075 1492 1112 custodiant.

235 1145 351 1167 unum
369 1135 610 1177 utrorumque
630 1133 901 1168 monasterium
921 1145 999 1168 esse
1018 1133 1272 1171 meminerint,
1293 1134 1339 1168 ab
1360 1134 1490 1169 eodem

236 1204 381 1236 semper
398 1192 535 1227 abbate
555 1192 772 1237 regendum,
791 1204 837 1228 ne
856 1195 966 1237 rupto
986 1192 1144 1226 interius
1157 1192 1306 1227 foedere
1321 1192 1495 1227 fraterni-

236 1250 353 1291 {tatis
383 1251 571 1295 pandatur
605 1251 743 1286 exteris
778 1250 892 1286 ianua
925 1250 1082 1285 nociuae
1112 1251 1351 1295 inruptionis,
1387 1250 1494 1286 iuxta

236 1310 451 1354 exemplum
486 1310 657 1345 Hebreae
693 1310 826 1354 plebis,
863 1321 967 1354 quae,
1001 1311 1043 1344 ut
1080 1322 1148 1354 per
1182 1310 1385 1344 stultitiam
1426 1310 1495 1344 11111

235 1367 446 1402 Salomonis
473 1370 604 1403 contra
629 1368 789 1413 seipsam
815 1367 937 1402 diuisa
963 1370 1028 1407 est,
1056 1379 1250 1412 nunquam
1285 1370 1443 1403 externa
1473 1380 1496 1402 a

238 1426 343 1461 clade
364 1426 509 1471 quieuit
521 1426 544 1462 ⁶.

286 1487 340 1520 26.
367 1485 564 1530 Completa
582 1485 820 1525 allocutione,
836 1497 959 1519 rursus
971 1485 1170 1530 adsumpta
1184 1485 1395 1530 antiphona
1413 1498 1497 1521 cum

237 1544 380 1588 psalmo
408 1547 616 1579 memorato
651 1544 896 1589 egrediuntur
929 1545 974 1578 ad
1003 1544 1169 1583 fluuium,
1204 1543 1386 1590 lugubre⁷
1417 1557 1498 1580 car-

237 1601 337 1637 mine
366 1605 514 1647 patrem
532 1605 663 1647 utpote
682 1603 758 1638 iam
777 1603 1013 1638 decessurum
1031 1603 1271 1647 deducentes,
1290 1603 1497 1648 itidemque

236 1660 396 1706 singulis
426 1661 593 1696 osculum
618 1661 723 1706 pacis
757 1662 832 1705 dat,
866 1662 1082 1706 intercepto
1112 1661 1235 1706 sepius
1261 1664 1375 1696 cantu
1409 1674 1498 1706 prae

236 1719 410 1756 lacrimis,
431 1722 469 1755 et
487 1720 588 1755 dicta
606 1720 645 1754 in
663 1721 774 1756 litore
795 1720 974 1761 oratione.
994 1720 1167 1755 ascendit
1192 1732 1336 1761 nauem,
1359 1720 1499 1755 residet

236 1777 277 1812 in
310 1779 458 1823 prorag,
488 1780 661 1815 sederunt
691 1779 797 1814 iuxta
815 1779 827 1797 ⁹
856 1779 1040 1816 diacones.
1075 1791 1169 1813 unus
1203 1791 1362 1820 crucem,
1388 1791 1499 1823 quam

237 1838 389 1879 fecerat,
408 1850 567 1873 auream.
587 1839 684 1874 alter
703 1838 886 1874 caereas¹0
904 1841 1036 1874 tenens
1055 1839 1238 1874 ardentes,

286 1906 339 1940 27.
367 1898 547 1933 Currente
581 1900 684 1933 trans
716 1898 872 1932 fluuium
906 1897 1008 1937 naui,
1036 1899 1232 1942 aspectans
1263 1899 1393 1932 contra
1422 1910 1499 1933 me-

237 1959 363 1992 rentes
393 1969 456 1992 suo
487 1958 657 1992 abscessu
691 1957 837 1999 fratres,
871 1956 1100 2001 audiensque
1135 1968 1269 1991 sonum
1300 1956 1497 1992 sublimem

237 2015 349 2050 mixti
368 2027 451 2050 cum
470 2016 573 2050 luctu
595 2015 785 2056 carminis,
803 2015 1020 2050 nullatenus
1044 2014 1166 2049 ualuit
1188 2015 1266 2059 ipse
1289 2027 1311 2050 a
1330 2014 1498 2060 singultu

238 2076 276 2109 et
310 2073 475 2108 lacrimis
508 2077 730 2118 temperare.
797 2073 877 2108 Hoc
918 2075 1045 2108 autem
1085 2073 1204 2107 solum
1242 2073 1372 2108 crebra
1406 2085 1497 2109 uoce

237 2132 413 2178 repetiit:
434 2137 441 2149 ⁴
454 2132 611 2172 Christe,
631 2132 808 2167 miserere
821 2132 879 2166 1111
898 2132 1022 2167 caetui
1038 2135 1044 2166 !
1073 2132 1232 2167 Domine
1249 2132 1497 2177 omnipotens,

236 2194 390 2237 protege
410 2191 516 2226 illam
535 2191 727 2227 cohortem
744 2193 750 2226 1
780 2191 862 2226 Scio
886 2194 1012 2226 autem
1036 2190 1243 2226 certissime
1269 2191 1359 2236 quia
1376 2191 1499 2226 nullos

237 2261 414 2294 umquam
433 2250 605 2286 meliores
624 2249 700 2283 illis
720 2252 758 2285 et
779 2249 1026 2295 promptiores
1045 2250 1091 2284 ad
1119 2249 1378 2285 obedientiam
1396 2250 1498 2285 noui.

284 2370 293 2388 ¹
317 2371 448 2402 deinde
465 2382 545 2402 cum
561 2373 588 2403 δ.
743 2370 755 2388 ²
777 2372 980 2412 proximum
999 2373 1024 2402 δ.
1181 2371 1192 2387 ³
1216 2371 1322 2401 ibunt
1339 2372 1453 2402 sancti
1470 2372 1497 2403 δ.

240 2422 251 2440 4
275 2433 334 2453 -ne
352 2424 398 2455 H.
525 2423 536 2441 ⁵
559 2424 749 2463 industria,
768 2427 840 2455 with
856 2424 900 2455 de
915 2426 1048 2455 inserted
1064 2425 1157 2461 before
1173 2426 1198 2453 it
1213 2426 1300 2454 abore
1314 2427 1358 2453 the
1374 2426 1435 2454 line
1452 2424 1499 2456 H.

239 2474 250 2492 ⁶
273 2478 311 2506 So
336 2477 352 2505 δ
371 2478 506 2514 riyhtly;
530 2486 716 2516 nunquam
733 2474 798 2507 ‘ad'
814 2478 962 2507 externa
977 2476 1164 2515 adquieuit
1189 2476 1234 2512 H,
1254 2477 1325 2505 with
1348 2485 1495 2508 erasures.

238 2524 250 2543 ⁷
274 2528 320 2557 -ri
337 2529 363 2562 δ,
380 2537 418 2558 οη
433 2537 565 2559 erasure.
668 2530 677 2542 ³
702 2532 739 2559 So
757 2528 803 2567 H,
824 2531 895 2559 wzth
910 2538 1033 2559 erasure
1050 2530 1174 2559 between
1189 2537 1207 2557 r
1222 2531 1287 2558 and
1303 2538 1321 2558 0
1338 2538 1345 2566 ;
1369 2527 1408 2558 in
1425 2528 1499 2559 1000

238 2579 356 2620 priore
373 2581 398 2612 δ.
487 2579 499 2598 ⁹
517 2580 621 2611 >iuxta
636 2590 718 2611 eum
735 2581 761 2612 δ.
851 2579 875 2597 ¹⁰
898 2590 1014 2611 cereos
1029 2581 1055 2611 δ.
