1803 2887
247 160 325 191 Cn.
344 156 420 196 HL]
645 146 797 189 Gentis
826 146 1094 200 A029lorum.
1413 147 1498 189 207

245 264 525 313 episcopatum
545 261 679 311 gentis
699 261 945 299 Merciorum
965 259 1088 298 simul
1110 262 1151 297 et
1171 259 1499 298 Lindisfarorum

244 329 413 377 ceadda,
439 328 554 365 iuxta
577 326 766 375 exempla
792 327 956 375 patrum
985 326 1259 374 antiquorum,
1284 326 1328 363 in
1352 339 1500 375 magna

243 394 352 432 uitae
380 392 627 442 perfectione
656 391 943 430 administrare
972 391 1156 438 curauit;
1186 391 1251 428 cui
1280 391 1405 428 etiam
1430 404 1499 428 rex

243 456 464 498 Uulfheri¹
484 458 653 495 donauit
679 459 832 495 terram
858 456 891 493 L
920 456 1171 494 familiarum
1196 456 1246 494 ad
1267 459 1501 494 construen-

243 525 343 562 dum
373 522 670 561 monasterium
698 521 743 560 in
777 522 874 569 loco,
903 521 975 571 qui
1004 521 1153 559 dicitur
1180 519 1429 569 Adbaruae2‚
1458 521 1499 558 id

243 591 303 626 est
334 589 401 627 Ad
435 588 602 636 Nemus,
636 588 680 625 in
711 587 921 637 prouincia
954 586 1147 634 Lindissi,
1182 587 1226 624 in
1258 600 1337 636 quo
1371 600 1500 636 usque

241 654 363 692 hodie
393 654 584 691 instituta
622 652 672 690 ab
704 653 792 702 ipso
831 652 1028 701 regularis
1061 652 1171 690 uitae
1208 652 1382 701 uestigia
1417 665 1501 701 per-

241 722 421 758 manent.

296 785 456 823 Habuit
490 787 628 822 autem
659 784 798 822 sedem
832 783 1102 833 episcopalem
1132 784 1177 821 in
1205 783 1303 831 loco,
1337 784 1407 833 qui
1436 796 1502 821 uo-

241 852 355 888 catur
390 849 686 899 Lyooidfelthss,
721 850 766 887 in
797 863 877 898 quo
912 851 952 887 et
986 849 1204 887 defunctus
1237 862 1281 886 ac
1316 849 1501 898 sepultus

242 918 329 963 est;
359 915 430 953 ubi
460 928 589 964 usque
623 914 745 952 hodie
777 914 1041 964 sequentium
1075 927 1237 963 quoque
1266 914 1502 963 prouinciae

240 981 354 1018 iflius
383 981 665 1029 episcoporum
694 980 810 1018 sedes
838 982 909 1018 est.
972 980 1136 1017 Fecerat
1166 992 1262 1017 uero
1291 980 1371 1017 sibi
1391 993 1501 1018 man-

241 1046 401 1084 sionem
439 1059 524 1083 non
562 1045 683 1095 longe
723 1045 773 1082 ab
812 1045 979 1083 ecclesia
1016 1045 1304 1090 remotiorem3
1337 1045 1381 1083 in
1421 1059 1500 1094 qua

243 1112 437 1149 secretius
467 1124 562 1148 cum
590 1111 743 1160 paucis,
768 1110 809 1148 id
836 1112 898 1148 est
917 1110 1005 1148 VII
1031 1111 1119 1148 siue
1141 1110 1265 1158 VIII,
1289 1111 1494 1158 fratribus,

242 1177 402 1226 quoties
431 1189 454 1213 a
479 1175 617 1214 labore
638 1177 678 1214 et
708 1175 936 1213 ministerio
964 1176 1080 1214 uerbi
1109 1176 1289 1223 uacabat,
1314 1189 1428 1214 orare
1454 1190 1498 1214 ac

241 1242 374 1291 legere
414 1241 579 1280 solebat.
641 1241 719 1289 Qui
766 1255 861 1279 cum
899 1242 943 1279 in
980 1241 1053 1279 illa
1089 1242 1300 1291 prouincia
1342 1242 1501 1280 duobus

242 1307 362 1345 annis
391 1320 435 1344 ac
466 1306 642 1344 dimidio
673 1306 887 1345 ecclesiam
912 1307 1203 1356 gloriosissime
1232 1308 1413 1355 rexisset,
1437 1307 1502 1345 ad-

242 1372 322 1410 fuit
335 1386 513 1421 superno
526 1373 790 1421 dispensante
806 1372 956 1410 iudicio
969 1374 1141 1421 tempus,
1161 1373 1210 1411 de
1226 1387 1306 1422 quo
1319 1373 1502 1422 loquitur

244 1438 520 1485 Ecclesiastes,
551 1438 674 1487 quia:
709 1438 910 1487 ‘Tempus
930 1438 1125 1476 mittendi
1144 1438 1308 1487 lapides,
1334 1441 1375 1476 et
1401 1441 1500 1476 tem—

242 1516 321 1553 pus
349 1503 593 1552 colligendi?
651 1503 898 1552 Superuenit
927 1516 1105 1552 namque
1135 1503 1269 1541 clades
1299 1503 1502 1541 diuinitus

197 1599 202 1604 .
243 1569 378 1613 missa,
404 1582 506 1618 quae
525 1582 599 1618 per
622 1570 800 1606 mortem
829 1569 962 1606 carnis
988 1569 1107 1607 uiuos
1130 1569 1320 1607 ecclesiae
1346 1569 1502 1618 lapides

244 1634 294 1672 de
312 1634 488 1673 terrenis
517 1634 682 1672 sedibus
709 1635 759 1672 ad
789 1634 1023 1672 aedificium
1053 1635 1223 1673 caeleste
1248 1635 1496 1674 transferret.

243 1701 431 1749 Cumque
460 1700 653 1749 plurimis
682 1701 733 1738 de
765 1700 931 1739 ecclesia
961 1701 1146 1739 eiusdem
1178 1701 1501 1739 reuerentissimi

242 1766 439 1804 antistitis
468 1766 517 1803 de
546 1779 664 1803 carne
694 1766 925 1813 subtractis,
960 1766 1119 1804 ueniret
1148 1767 1249 1805 hora
1276 1767 1417 1816 ipsius,
1454 1769 1501 1805 ut

244 1833 437 1870 transiret
472 1844 519 1869 ex
554 1831 630 1869 hoc
669 1832 827 1869 mundo
868 1832 918 1869 ad
952 1832 1191 1880 Dominum,
1228 1832 1400 1881 contigit
1435 1832 1501 1870 die

196 1936 201 1942 ,
243 1897 430 1946 quadam,
456 1899 502 1934 ut
528 1896 573 1934 in
592 1897 775 1946 praefata
801 1895 804 1946 Ι
830 1897 1046 1935 mansione
1067 1897 1171 1935 forte
1190 1898 1278 1947 ipse
1297 1911 1390 1936 cum
1417 1912 1501 1936 uno

246 1964 411 2001 tantum
431 1962 565 2008 fratre,
591 1962 656 1999 cui
676 1962 923 2000 uocabulum
944 1965 1029 2001 erat
1049 1964 1175 2001 Ouini
1188 1964 1211 2011 ⁴,
1237 1977 1502 2002 commorare-

242 2029 322 2075 tur,
347 2028 489 2064 ceteris
509 2027 597 2065 eius
617 2027 737 2065 sociis
762 2041 835 2077 pro
862 2041 980 2066 causa
1000 2030 1199 2077 oportuna
1219 2029 1269 2067 ad
1291 2030 1500 2067 ecclesiam

243 2093 429 2130 reuersis.
491 2092 588 2130 Erat
619 2094 758 2130 autem
790 2093 901 2132 idem
931 2094 1082 2132 Ouini5
1108 2095 1336 2132 monachus
1362 2095 1501 2144 magni

244 2159 391 2205 meriti,
416 2159 455 2196 et
481 2171 583 2206 pura
606 2158 838 2197 intentione
863 2173 1061 2208 supernae
1087 2160 1368 2198 retributionis
1386 2173 1502 2198 mun-

245 2216 352 2261 dum¹
366 2223 664 2272 derelinquens,
690 2224 920 2273 dignusque
939 2238 1011 2273 per
1037 2225 1186 2273 omnia,
1211 2226 1276 2263 cui
1296 2226 1502 2264 Dominus

245 2289 476 2337 specialiter
515 2302 587 2327 sua
625 2290 826 2327 reuelaret
863 2303 1017 2339 arcana,
1061 2291 1219 2340 dignus,
1265 2291 1329 2329 cui
1375 2291 1501 2329 fidem

245 2354 427 2392 narranti
464 2355 676 2393 audientes
714 2356 1079 2394 accommodarent.
1163 2357 1345 2395 Uenerat
1390 2358 1501 2394 enim

287 2473 296 2491 ¹
322 2485 372 2505 -re
390 2475 426 2506 C.
444 2474 508 2510 B2;
534 2476 666 2507 uulferi
682 2477 725 2508 N.
878 2476 890 2494 ²
913 2478 1076 2509 -bearuae
1093 2478 1129 2510 C.
1297 2480 1307 2497 ³
1331 2479 1431 2510 licid-
1448 2481 1476 2511 B
1495 2493 1501 2519 3

245 2526 364 2557 liccid—
380 2527 444 2566 Βῆ
468 2528 646 2559 liccidfeld
663 2529 688 2560 C
706 2540 713 2568 ;
737 2529 888 2560 licidfelt
906 2530 948 2561 N.
1120 2530 1132 2548 4
1154 2540 1213 2561 -ne
1230 2529 1274 2561 13²
1291 2542 1298 2570 3
1322 2533 1447 2562 ouuini
1464 2533 1501 2564 C.

245 2579 256 2597 ⁵
280 2579 402 2609 ouuini
421 2580 458 2611 C.

1524 794 1573 823 He
1585 793 1663 822 fixes
1678 795 1729 821 his

1524 843 1575 862 see
1586 837 1621 862 at
1634 834 1727 861 Lich-

1524 874 1608 902 field.

1526 1450 1624 1485 Story
1638 1452 1673 1477 of

1525 1490 1578 1518 his
1593 1490 1700 1518 death.
