1803 2887
92 744 179 771 First
194 752 245 770 ex-

92 782 219 817 pulsion
228 782 295 809 and

91 822 207 856 appeal
221 824 254 849 to

92 862 200 889 Rome.

319 162 405 202 326
675 160 726 201 H
728 159 882 202 istoria
913 159 1218 201 Ecclesiastico
1429 166 1512 208 [Lm.
1533 169 1573 199 V.

319 276 611 325 impleuerunt.
691 275 779 323 Quo
816 275 949 313 adhuc
985 274 1030 312 in
1068 273 1354 312 transmarinis
1392 274 1576 323 partibus

320 342 570 385 demorante,
610 342 867 378 consecratus
898 341 959 377 est
993 341 1035 377 in
1070 341 1330 387 episcopatum
1368 339 1535 377 Eboraci
1548 338 1570 387 ¹,

318 406 484 443 iubente
523 418 613 455 rege
654 405 808 453 052112‘02,
854 405 1006 444 Ccadda
1049 405 1112 442 uir
1150 405 1325 451 sanctus,
1368 406 1415 442 ut
1453 417 1576 454 supra

318 473 592 511 memoratum
627 472 699 517 est,
733 472 773 508 et
803 472 926 508 tribus
954 471 1072 508 (mnis
1101 469 1313 507 ecclesiam
1342 469 1576 507 sublimiter

318 550 474 585 regens,
489 536 637 574 dehinc
650 537 699 573 ad
714 535 950 573 monasterii
963 535 1039 582 sui,
1052 535 1158 583 quod
1173 536 1234 572 est
1250 535 1293 571 in
1307 534 1540 583 Laestingaei
1549 535 1571 583 ³,

319 615 457 639 curam
487 601 663 648 secessit,
688 601 912 649 accipiente
937 600 1116 638 Uilfrido
1144 599 1423 648 episcopatum
1448 600 1576 638 totius

319 667 759 716 Nordanhymbrorum
779 666 1023 715 prouinciae.

374 732 453 780 Qui
474 732 620 769 deinde
640 733 836 781 regnante
856 731 1060 780 Ecgfrido,
1080 730 1225 779 pulsus
1246 732 1307 768 est
1327 730 1572 779 episcopatu,

320 799 359 835 et
397 798 467 835 alii
505 811 579 846 pro
615 797 687 835 illo
727 797 951 834 consecrati
987 796 1204 843 antistites,
1248 809 1424 844 quorum
1457 809 1579 844 supra

320 863 615 909 meminimus3
646 863 902 911 Romamque
935 862 1078 909 iturus,
1118 863 1158 898 et
1191 875 1325 899 coram
1358 861 1577 910 apostolico

320 942 423 977 papa
452 941 614 965 causam
649 928 842 973 dicturus,
881 927 952 964 ubi
987 940 1135 964 nauem
1168 926 1414 975 conscendit,
1453 927 1579 964 flante

322 993 502 1032 Fauonio
540 993 684 1042 pulsus
721 994 783 1030 est
820 992 1010 1039 Fresiam,
1053 994 1094 1029 et
1141 993 1343 1039 honorifice
1387 995 1581 1040 susceptus

321 1072 345 1097 α
382 1058 565 1096 barbaris
598 1072 642 1095 ac
672 1070 754 1106 reae
784 1058 951 1095 illorum
983 1057 1196 1105 Aldgyilso⁴‚
1231 1057 1488 1105 praedicabat
1521 1056 1579 1094 eis

325 1126 527 1171 Clu-istum,
546 1126 585 1161 et
600 1125 721 1161 multa
734 1136 876 1160 eorum
892 1124 1002 1160 milia
1015 1124 1129 1160 uerbo
1142 1123 1327 1160 ueritatis
1342 1122 1574 1169 instituens,

323 1204 345 1228 a
365 1191 621 1239 peccatorum
643 1201 812 1225 suorum
832 1188 1020 1226 sordibus
1039 1189 1153 1226 fonte
1175 1188 1397 1226 Saluatoris
1423 1188 1580 1235 abluit3

323 1257 363 1293 et
390 1254 498 1304 quod
527 1254 792 1302 postmodum
828 1255 1015 1302 Uilbrord,
1040 1253 1399 1292 reuerentissimus
1427 1252 1581 1292 Christi

323 1319 518 1369 pontifex,
553 1319 596 1356 in
625 1332 775 1367 magna
807 1319 1024 1356 deuotione
1054 1319 1271 1368 conpleuit,
1309 1319 1397 1368 ipse
1426 1321 1581 1367 primus

325 1387 378 1423 ibi
408 1398 509 1434 opus
547 1384 831 1433 euangelicum
861 1384 1001 1433 coepit.
1064 1385 1131 1422 Ibi
1163 1398 1258 1433 ergo
1288 1386 1455 1422 hiemem
1487 1397 1579 1422 cum

325 1464 433 1489 noua
453 1450 530 1488 Dei
549 1449 668 1498 plebe
688 1449 861 1487 feliciter
881 1449 1057 1498 exigens,
1083 1450 1140 1487 sic
1167 1450 1342 1487 Romam
1362 1449 1557 1487 ueniendi
1571 1450 1584 1469 5

324 1518 397 1554 iter
416 1515 608 1565 repetiit3
638 1517 677 1553 et
705 1517 772 1553 ‘aba'
796 1528 913 1554 eausa
942 1517 1024 1553 eius
1051 1515 1248 1553 uentilata
1276 1517 1349 1562 est,
1373 1516 1585 1564 praesente

323 1581 360 1619 A
365 1583 528 1630 {sethona
539 1593 647 1629 papa
666 1582 706 1618 et
721 1580 907 1630 pluribus
920 1582 1109 1629 episcopis,
1130 1581 1420 1618 uniuersorum
1435 1580 1584 1618 iudicio

324 1647 475 1695 absque
513 1647 685 1684 crimine
723 1648 932 1684 accusatus
969 1646 1104 1695 fuisse,
1147 1648 1187 1684 et
1225 1646 1456 1695 episcopatu
1495 1659 1582 1683 esse

325 1712 475 1761 dignus
503 1711 700 1749 inuentus
729 1713 801 1749 est.

382 1778 471 1825 Quo
504 1777 548 1814 in
582 1779 768 1826 tempore
798 1777 909 1814 idem
937 1790 1040 1826 papa
1068 1776 1233 1825 Agyatleo,
1267 1790 1361 1814 cum
1390 1777 1583 1825 synodum

326 1844 589 1892 congregaret
618 1844 770 1880 Romae
801 1842 960 1881 CXXV
983 1843 1257 1890 episcoporum,
1281 1842 1477 1880 aduersus
1503 1855 1582 1886 eos,

327 1908 398 1957 qui
418 1921 545 1945 unam
561 1908 604 1945 in
622 1907 800 1945 Domino
817 1907 1027 1945 Saluatore
1042 1907 1300 1945 uoluntatem
1316 1909 1438 1956 atque
1454 1920 1588 1956 opera-

326 1974 484 2011 tionem
518 1972 860 2022 dogmatizabant,
903 1974 1039 2011 uocari
1076 1972 1197 2010 iussit
1235 1974 1276 2010 et
1292 1974 1303 1991 '²
1341 1972 1580 2019 Uilfridum,

326 2042 449 2087 atque
469 2039 575 2076 inter
598 2039 807 2088 episcopos
836 2038 1118 2076 considentem
1147 2038 1278 2075 dicere
1304 2038 1429 2075 fidem
1453 2051 1580 2085 suam,

328 2105 454 2142 simul
502 2106 542 2142 et
581 2104 816 2153 prouinciae
861 2103 947 2141 siue
984 2103 1153 2151 insulae,
1197 2104 1247 2140 de
1285 2116 1365 2152 qua
1403 2105 1581 2141 uenerat.

329 2171 515 2218 Cumque
536 2169 759 2207 catholicus
779 2169 860 2206 fide
881 2182 974 2206 cum
990 2169 1074 2207 suis
1089 2170 1195 2206 esset
1208 2168 1413 2216 inuentus
1432 2168 1586 2217 placuit

328 2236 404 2273 hoc
425 2236 534 2272 inter
554 2237 685 2272 cetera
706 2234 888 2272 eiusdem
909 2234 1055 2284 synodi
1074 2234 1199 2283 gestis
1214 2234 1350 2281 inseri,
1370 2233 1586 2282 scriptum-

330 2314 407 2350 que
441 2302 502 2337 est
532 2300 609 2337 hoc
642 2300 789 2338 modo:
826 2300 1045 2347 ‘Uilfiidus
1073 2301 1155 2337 Deo
1186 2300 1365 2337 amabilis
1396 2300 1588 2347 episcopus

327 2366 547 2404 Eboracae⁷
586 2366 766 2413 ciuitatis,
809 2366 1055 2413 apostolicam
1093 2366 1216 2403 sedem
1259 2366 1304 2403 cle
1349 2377 1423 2403 sua
1469 2376 1588 2403 causa

375 2486 383 2503 ¹
410 2487 510 2516 ebur·
528 2486 565 2518 C.
698 2484 710 2502 ²
735 2486 785 2516 -iu
803 2486 842 2517 Β.
860 2486 895 2517 C.
914 2486 956 2517 N.
1091 2485 1103 2503 ³
1126 2486 1227 2517 laest-
1245 2487 1293 2523 B;
1317 2485 1523 2525 laestingaei
1535 2486 1560 2517 O
1577 2496 1586 2524 3

331 2538 445 2578 -guaei
460 2538 503 2569 N.
664 2537 675 2555 ⁴
698 2538 798 2577 -gislo
816 2537 857 2568 N.
1004 2536 1015 2554 ⁵
1037 2537 1209 2568 ueniendi
1225 2540 1323 2568 added
1339 2548 1378 2568 on
1394 2540 1520 2575 margin
1537 2537 1582 2569 M.

329 2590 341 2608 ⁶
365 2592 400 2621 et
418 2601 474 2622 om.
496 2589 534 2621 C.
669 2588 682 2607 ⁷
705 2590 806 2620 ebur-
824 2589 862 2621 O.

1601 281 1736 315 Eddius,
1785 283 1787 289 ·

1601 329 1626 348 c.
1646 329 1685 354 ¹4-

1604 1003 1645 1032 ib.
1661 1012 1705 1032 ce.
1727 1004 1769 1040 26,

1603 1051 1645 1109 ἐξ.
1660 1080 1731 1109 Act.

1604 1121 1670 1149 viii.
1686 1128 1710 1155 5.

1607 1390 1741 1425 Eddius⁷

1609 1440 1654 1459 cc.
1668 1432 1763 1464 28—32.

1608 1784 1652 1813 ib.
1667 1794 1692 1813 c.
1709 1792 1748 1818 53.
1780 1796 1782 1828 j
