<?xml version="1.0" encoding="UTF-8"?>
<!DOCTYPE html PUBLIC "-//W3C//DTD XHTML 1.0 Transitional//EN"
    "http://www.w3.org/TR/xhtml1/DTD/xhtml1-transitional.dtd">
<html xmlns="http://www.w3.org/1999/xhtml" xml:lang="en" lang="en">
 <head>
  <title>
</title>
<meta http-equiv="Content-Type" content="text/html;charset=utf-8" />
  <meta name='ocr-system' content='tesseract 3.04.00' />
  <meta name='ocr-capabilities' content='ocr_page ocr_carea ocr_par ocr_line ocrx_word'/>
</head>
<body>
  <div class='ocr_page' id='page_1' title='image "./venerabilisbaeda00bedeuoft_0437.png"; bbox 0 0 1803 2887; ppageno 0'>
   <div class='ocr_carea' id='block_1_1' title="bbox 34 1617 144 1652">
    <p class='ocr_par' dir='ltr' id='par_1_1' title="bbox 34 1617 144 1652">
     <span class='ocr_line' id='line_1_1' title="bbox 34 1617 144 1652; baseline 0 -8"><span class='ocrx_word' id='word_1_1' title='bbox 34 1617 53 1644; x_wconf 83' lang='lat' dir='ltr'>f.</span> <span class='ocrx_word' id='word_1_2' title='bbox 72 1619 105 1652; x_wconf 69' lang='lat'>87</span> <span class='ocrx_word' id='word_1_3' title='bbox 119 1627 144 1644; x_wconf 75' lang='lat' dir='ltr'>a.</span> 
     </span>
    </p>
   </div>
   <div class='ocr_carea' id='block_1_2' title="bbox 1402 168 1483 208">
    <p class='ocr_par' dir='ltr' id='par_1_2' title="bbox 1402 168 1483 208">
     <span class='ocr_line' id='line_1_2' title="bbox 1402 169 1426 208; textangle 90"><span class='ocrx_word' id='word_1_4' title='bbox 1402 169 1426 208; x_wconf 64' lang='lat'>20</span> 
     </span>
     <span class='ocr_line' id='line_1_3' title="bbox 1430 168 1483 207; textangle 90"><span class='ocrx_word' id='word_1_5' title='bbox 1430 168 1483 207; x_wconf 52' lang='grc' dir='ltr'>ᾖ</span> 
     </span>
    </p>
   </div>
   <div class='ocr_carea' id='block_1_3' title="bbox 233 166 1082 221">
    <p class='ocr_par' dir='ltr' id='par_1_3' title="bbox 233 166 1082 221">
     <span class='ocr_line' id='line_1_4' title="bbox 233 166 1082 221; baseline -0.001 -14"><span class='ocrx_word' id='word_1_6' title='bbox 233 179 311 208; x_wconf 62' lang='lat' dir='ltr'>em».</span> <span class='ocrx_word' id='word_1_7' title='bbox 327 179 434 208; x_wconf 81' lang='lat' dir='ltr'>xvm</span> <span class='ocrx_word' id='word_1_8' title='bbox 450 173 572 215; x_wconf 77' lang='lat' dir='ltr'>[xx].]</span> <span class='ocrx_word' id='word_1_9' title='bbox 635 166 783 208; x_wconf 72' lang='lat' dir='ltr'>Gentis</span> <span class='ocrx_word' id='word_1_10' title='bbox 815 167 1082 221; x_wconf 67' lang='lat' dir='ltr'>Anyloruw.</span> 
     </span>
    </p>
   </div>
   <div class='ocr_carea' id='block_1_4' title="bbox 619 301 1086 357">
    <p class='ocr_par' dir='ltr' id='par_1_4' title="bbox 619 301 1086 357">
     <span class='ocr_line' id='line_1_5' title="bbox 619 301 1086 357; baseline -0.002 -14"><span class='ocrx_word' id='word_1_11' title='bbox 619 305 738 343; x_wconf 82' lang='lat' dir='ltr'>GAP.</span> <span class='ocrx_word' id='word_1_12' title='bbox 773 305 925 342; x_wconf 85' lang='lat' dir='ltr'>XVIII</span> <span class='ocrx_word' id='word_1_13' title='bbox 955 301 1086 357; x_wconf 90' lang='lat' dir='ltr'>[XX]</span> 
     </span>
    </p>
   </div>
   <div class='ocr_carea' id='block_1_5' title="bbox 708 403 1008 440">
    <p class='ocr_par' dir='ltr' id='par_1_5' title="bbox 708 403 1008 440">
     <span class='ocr_line' id='line_1_6' title="bbox 708 403 1008 440; baseline 0.003 -8"><span class='ocrx_word' id='word_1_14' title='bbox 708 406 854 440; x_wconf 73' lang='lat' dir='ltr'>Hymnus</span> <span class='ocrx_word' id='word_1_15' title='bbox 871 406 905 434; x_wconf 75' lang='lat' dir='ltr'>de</span> <span class='ocrx_word' id='word_1_16' title='bbox 924 406 975 433; x_wconf 73' lang='lat' dir='ltr'>illa</span> <span class='ocrx_word' id='word_1_17' title='bbox 989 403 1008 434; x_wconf 82' lang='lat'>¹.</span> 
     </span>
    </p>
   </div>
   <div class='ocr_carea' id='block_1_6' title="bbox 228 491 1488 864">
    <p class='ocr_par' dir='ltr' id='par_1_6' title="bbox 228 491 1488 864">
     <span class='ocr_line' id='line_1_7' title="bbox 284 491 1486 541; baseline -0.002 -10"><span class='ocrx_word' id='word_1_18' title='bbox 284 493 482 531; x_wconf 66' lang='lat' dir='ltr'>Ummm</span> <span class='ocrx_word' id='word_1_19' title='bbox 506 494 755 541; x_wconf 82' lang='lat' dir='ltr'>oportunum</span> <span class='ocrx_word' id='word_1_20' title='bbox 784 491 879 529; x_wconf 87' lang='lat' dir='ltr'>huic</span> <span class='ocrx_word' id='word_1_21' title='bbox 908 491 1101 529; x_wconf 72' lang='lat' dir='ltr'>historiae</span> <span class='ocrx_word' id='word_1_22' title='bbox 1127 491 1250 529; x_wconf 88' lang='lat' dir='ltr'>etiam</span> <span class='ocrx_word' id='word_1_23' title='bbox 1278 491 1486 540; x_wconf 77' lang='lat' dir='ltr'>hymnum</span> 
     </span>
     <span class='ocr_line' id='line_1_8' title="bbox 230 556 1486 608; baseline -0.003 -12"><span class='ocrx_word' id='word_1_24' title='bbox 230 558 481 608; x_wconf 87' lang='lat' dir='ltr'>uirginitatis</span> <span class='ocrx_word' id='word_1_25' title='bbox 514 557 702 603; x_wconf 85' lang='lat' dir='ltr'>inserere,</span> <span class='ocrx_word' id='word_1_26' title='bbox 746 570 869 605; x_wconf 86' lang='lat' dir='ltr'>quem</span> <span class='ocrx_word' id='word_1_27' title='bbox 906 560 1001 594; x_wconf 84' lang='lat' dir='ltr'>ante</span> <span class='ocrx_word' id='word_1_28' title='bbox 1039 570 1170 594; x_wconf 88' lang='lat' dir='ltr'>annos</span> <span class='ocrx_word' id='word_1_29' title='bbox 1204 556 1405 605; x_wconf 87' lang='lat' dir='ltr'>plurimos</span> <span class='ocrx_word' id='word_1_30' title='bbox 1444 556 1486 592; x_wconf 90' lang='lat' dir='ltr'>in</span> 
     </span>
     <span class='ocr_line' id='line_1_9' title="bbox 229 622 1488 671; baseline -0.002 -10"><span class='ocrx_word' id='word_1_31' title='bbox 229 624 391 662; x_wconf 86' lang='lat' dir='ltr'>laudem</span> <span class='ocrx_word' id='word_1_32' title='bbox 430 636 474 660; x_wconf 88' lang='lat' dir='ltr'>ac</span> <span class='ocrx_word' id='word_1_33' title='bbox 512 622 774 671; x_wconf 84' lang='lat' dir='ltr'>praeconium</span> <span class='ocrx_word' id='word_1_34' title='bbox 813 623 998 660; x_wconf 86' lang='lat' dir='ltr'>eiusdem</span> <span class='ocrx_word' id='word_1_35' title='bbox 1036 622 1200 671; x_wconf 85' lang='lat' dir='ltr'>reginae</span> <span class='ocrx_word' id='word_1_36' title='bbox 1237 635 1281 659; x_wconf 89' lang='lat' dir='ltr'>ac</span> <span class='ocrx_word' id='word_1_37' title='bbox 1317 635 1488 670; x_wconf 79' lang='lat' dir='ltr'>sponsae</span> 
     </span>
     <span class='ocr_line' id='line_1_10' title="bbox 229 684 1482 734; baseline -0.002 -9"><span class='ocrx_word' id='word_1_38' title='bbox 229 687 392 725; x_wconf 90' lang='lat' dir='ltr'>Christi.</span> <span class='ocrx_word' id='word_1_39' title='bbox 418 690 457 723; x_wconf 89' lang='lat' dir='ltr'>et</span> <span class='ocrx_word' id='word_1_40' title='bbox 478 686 569 723; x_wconf 90' lang='lat' dir='ltr'>ideo</span> <span class='ocrx_word' id='word_1_41' title='bbox 590 685 788 722; x_wconf 85' lang='lat' dir='ltr'>ueraciter</span> <span class='ocrx_word' id='word_1_42' title='bbox 807 685 979 734; x_wconf 75' lang='lat' dir='ltr'>reginae,</span> <span class='ocrx_word' id='word_1_43' title='bbox 1007 685 1101 734; x_wconf 83' lang='lat' dir='ltr'>quia</span> <span class='ocrx_word' id='word_1_44' title='bbox 1122 698 1296 733; x_wconf 75' lang='lat' dir='ltr'>sponsae</span> <span class='ocrx_word' id='word_1_45' title='bbox 1317 684 1482 722; x_wconf 79' lang='lat' dir='ltr'>Christi.</span> 
     </span>
     <span class='ocr_line' id='line_1_11' title="bbox 229 750 1487 801; baseline -0.003 -11"><span class='ocrx_word' id='word_1_46' title='bbox 229 752 404 801; x_wconf 88' lang='lat' dir='ltr'>elegiaco</span> <span class='ocrx_word' id='word_1_47' title='bbox 428 754 558 788; x_wconf 86' lang='lat' dir='ltr'>metro</span> <span class='ocrx_word' id='word_1_48' title='bbox 583 750 900 799; x_wconf 77' lang='lat' dir='ltr'>conposuimus3</span> <span class='ocrx_word' id='word_1_49' title='bbox 931 752 971 787; x_wconf 87' lang='lat' dir='ltr'>et</span> <span class='ocrx_word' id='word_1_50' title='bbox 992 750 1147 787; x_wconf 79' lang='lat' dir='ltr'>imitari</span> <span class='ocrx_word' id='word_1_51' title='bbox 1176 763 1334 787; x_wconf 85' lang='lat' dir='ltr'>morem</span> <span class='ocrx_word' id='word_1_52' title='bbox 1355 762 1487 787; x_wconf 88' lang='lat' dir='ltr'>sacrae</span> 
     </span>
     <span class='ocr_line' id='line_1_12' title="bbox 228 812 1482 864; baseline -0.003 -12"><span class='ocrx_word' id='word_1_53' title='bbox 228 814 463 864; x_wconf 74' lang='lat' dir='ltr'>scripturae,</span> <span class='ocrx_word' id='word_1_54' title='bbox 511 813 626 850; x_wconf 86' lang='lat' dir='ltr'>cuius</span> <span class='ocrx_word' id='word_1_55' title='bbox 668 812 861 850; x_wconf 76' lang='lat' dir='ltr'>historiae</span> <span class='ocrx_word' id='word_1_56' title='bbox 900 812 1081 850; x_wconf 85' lang='lat' dir='ltr'>carmina</span> <span class='ocrx_word' id='word_1_57' title='bbox 1122 812 1303 860; x_wconf 85' lang='lat' dir='ltr'>plurima</span> <span class='ocrx_word' id='word_1_58' title='bbox 1341 812 1482 858; x_wconf 85' lang='lat' dir='ltr'>indita,</span> 
     </span>
    </p>
   </div>
   <div class='ocr_carea' id='block_1_7' title="bbox 229 876 1373 927">
    <p class='ocr_par' dir='ltr' id='par_1_7' title="bbox 229 876 1373 927">
     <span class='ocr_line' id='line_1_13' title="bbox 229 876 1373 927; baseline -0.003 -9"><span class='ocrx_word' id='word_1_59' title='bbox 229 883 270 918; x_wconf 88' lang='lat' dir='ltr'>et</span> <span class='ocrx_word' id='word_1_60' title='bbox 290 880 388 917; x_wconf 86' lang='lat' dir='ltr'>haec</span> <span class='ocrx_word' id='word_1_61' title='bbox 408 880 540 916; x_wconf 86' lang='lat' dir='ltr'>metro</span> <span class='ocrx_word' id='word_1_62' title='bbox 561 891 604 915; x_wconf 87' lang='lat' dir='ltr'>ac</span> <span class='ocrx_word' id='word_1_63' title='bbox 625 878 812 927; x_wconf 86' lang='lat' dir='ltr'>uersibus</span> <span class='ocrx_word' id='word_1_64' title='bbox 832 880 992 916; x_wconf 84' lang='lat' dir='ltr'>constat</span> <span class='ocrx_word' id='word_1_65' title='bbox 1014 891 1100 915; x_wconf 83' lang='lat' dir='ltr'>esse</span> <span class='ocrx_word' id='word_1_66' title='bbox 1123 878 1335 926; x_wconf 85' lang='lat' dir='ltr'>conposita</span> <span class='ocrx_word' id='word_1_67' title='bbox 1350 876 1373 914; x_wconf 65' lang='lat'>².</span> 
     </span>
    </p>
   </div>
   <div class='ocr_carea' id='block_1_8' title="bbox 228 937 1456 1003">
    <p class='ocr_par' dir='ltr' id='par_1_8' title="bbox 228 937 1456 1003">
     <span class='ocr_line' id='line_1_14' title="bbox 228 937 1456 1003; baseline -0.002 -9"><span class='ocrx_word' id='word_1_68' title='bbox 228 957 354 994; x_wconf 85' lang='lat' dir='ltr'>Alma</span> <span class='ocrx_word' id='word_1_69' title='bbox 384 956 494 993; x_wconf 89' lang='lat' dir='ltr'>Deus</span> <span class='ocrx_word' id='word_1_70' title='bbox 524 955 712 1001; x_wconf 81' lang='lat' dir='ltr'>Trinitas,</span> <span class='ocrx_word' id='word_1_71' title='bbox 747 937 848 1003; x_wconf 65' lang='lat' dir='ltr'>quae</span> <span class='ocrx_word' id='word_1_72' title='bbox 879 950 1047 992; x_wconf 62' lang='lat' dir='ltr'>saecula</span> <span class='ocrx_word' id='word_1_73' title='bbox 1068 944 1214 991; x_wconf 57' lang='lat' dir='ltr'>cii-ncta</span> <span class='ocrx_word' id='word_1_74' title='bbox 1243 947 1456 1003; x_wconf 47' lang='lat' dir='ltr'>guberna&amp;</span> 
     </span>
    </p>
   </div>
   <div class='ocr_carea' id='block_1_9' title="bbox 227 1014 1431 2247">
    <p class='ocr_par' dir='ltr' id='par_1_9' title="bbox 227 1014 1431 1723">
     <span class='ocr_line' id='line_1_15' title="bbox 282 1014 1236 1071; baseline -0.003 -12"><span class='ocrx_word' id='word_1_75' title='bbox 282 1014 432 1060; x_wconf 68' lang='lat' dir='ltr'>Adnue</span> <span class='ocrx_word' id='word_1_76' title='bbox 461 1014 542 1071; x_wconf 44' lang='lat' dir='ltr'>iam</span> <span class='ocrx_word' id='word_1_77' title='bbox 572 1020 733 1069; x_wconf 81' lang='lat' dir='ltr'>coeptis,</span> <span class='ocrx_word' id='word_1_78' title='bbox 768 1016 875 1057; x_wconf 85' lang='lat' dir='ltr'>alma</span> <span class='ocrx_word' id='word_1_79' title='bbox 905 1020 1017 1057; x_wconf 88' lang='lat' dir='ltr'>Deus</span> <span class='ocrx_word' id='word_1_80' title='bbox 1047 1019 1236 1057; x_wconf 85' lang='lat' dir='ltr'>Trinitas.</span> 
     </span>
     <span class='ocr_line' id='line_1_16' title="bbox 228 1075 1346 1135; baseline -0.002 -11"><span class='ocrx_word' id='word_1_81' title='bbox 228 1075 344 1125; x_wconf 51' lang='lat' dir='ltr'>Bella</span> <span class='ocrx_word' id='word_1_82' title='bbox 373 1087 486 1124; x_wconf 87' lang='lat' dir='ltr'>Maro</span> <span class='ocrx_word' id='word_1_83' title='bbox 515 1087 687 1132; x_wconf 84' lang='lat' dir='ltr'>resonet,</span> <span class='ocrx_word' id='word_1_84' title='bbox 722 1099 798 1123; x_wconf 87' lang='lat' dir='ltr'>nos</span> <span class='ocrx_word' id='word_1_85' title='bbox 826 1085 934 1135; x_wconf 84' lang='lat' dir='ltr'>pacis</span> <span class='ocrx_word' id='word_1_86' title='bbox 949 1083 962 1103; x_wconf 69' lang='lat'>³³</span> <span class='ocrx_word' id='word_1_87' title='bbox 992 1086 1098 1123; x_wconf 86' lang='lat' dir='ltr'>dona</span> <span class='ocrx_word' id='word_1_88' title='bbox 1126 1097 1346 1131; x_wconf 74' lang='lat' dir='ltr'>canamus:</span> 
     </span>
     <span class='ocr_line' id='line_1_17' title="bbox 282 1151 1225 1195; baseline -0.003 -5"><span class='ocrx_word' id='word_1_89' title='bbox 282 1153 453 1190; x_wconf 81' lang='lat' dir='ltr'>Munera</span> <span class='ocrx_word' id='word_1_90' title='bbox 482 1165 556 1189; x_wconf 88' lang='lat' dir='ltr'>nos</span> <span class='ocrx_word' id='word_1_91' title='bbox 586 1151 749 1195; x_wconf 77' lang='lat' dir='ltr'>Christi,</span> <span class='ocrx_word' id='word_1_92' title='bbox 774 1151 882 1188; x_wconf 90' lang='lat' dir='ltr'>bella</span> <span class='ocrx_word' id='word_1_93' title='bbox 911 1151 1024 1188; x_wconf 85' lang='lat' dir='ltr'>Maro</span> <span class='ocrx_word' id='word_1_94' title='bbox 1054 1152 1225 1188; x_wconf 88' lang='lat' dir='ltr'>resonet.</span> 
     </span>
     <span class='ocr_line' id='line_1_18' title="bbox 228 1208 1378 1265; baseline -0.003 -9"><span class='ocrx_word' id='word_1_95' title='bbox 228 1217 421 1256; x_wconf 82' lang='lat' dir='ltr'>Carmina</span> <span class='ocrx_word' id='word_1_96' title='bbox 449 1212 558 1255; x_wconf 69' lang='lat' dir='ltr'>casta</span> <span class='ocrx_word' id='word_1_97' title='bbox 585 1217 701 1264; x_wconf 87' lang='lat' dir='ltr'>mihi,</span> <span class='ocrx_word' id='word_1_98' title='bbox 734 1216 850 1253; x_wconf 86' lang='lat' dir='ltr'>fedae</span> <span class='ocrx_word' id='word_1_99' title='bbox 880 1230 964 1253; x_wconf 90' lang='lat' dir='ltr'>non</span> <span class='ocrx_word' id='word_1_100' title='bbox 993 1208 1134 1265; x_wconf 60' lang='lat' dir='ltr'>raptus</span> <span class='ocrx_word' id='word_1_101' title='bbox 1164 1215 1378 1261; x_wconf 84' lang='lat' dir='ltr'>Helenae;</span> 
     </span>
     <span class='ocr_line' id='line_1_19' title="bbox 282 1281 1226 1329; baseline -0.003 -8"><span class='ocrx_word' id='word_1_102' title='bbox 282 1283 423 1321; x_wconf 82' lang='lat' dir='ltr'>Luxus</span> <span class='ocrx_word' id='word_1_103' title='bbox 452 1283 527 1320; x_wconf 90' lang='lat' dir='ltr'>erit</span> <span class='ocrx_word' id='word_1_104' title='bbox 556 1282 732 1329; x_wconf 78' lang='lat' dir='ltr'>lubricis,</span> <span class='ocrx_word' id='word_1_105' title='bbox 767 1281 948 1319; x_wconf 84' lang='lat' dir='ltr'>carmina</span> <span class='ocrx_word' id='word_1_106' title='bbox 977 1283 1084 1319; x_wconf 85' lang='lat' dir='ltr'>casta</span> <span class='ocrx_word' id='word_1_107' title='bbox 1112 1281 1226 1318; x_wconf 90' lang='lat' dir='ltr'>mihi.</span> 
     </span>
     <span class='ocr_line' id='line_1_20' title="bbox 228 1346 1431 1397; baseline -0.003 -10"><span class='ocrx_word' id='word_1_108' title='bbox 228 1353 348 1387; x_wconf 84' lang='lat' dir='ltr'>Dona</span> <span class='ocrx_word' id='word_1_109' title='bbox 377 1361 552 1397; x_wconf 79' lang='lat' dir='ltr'>superna</span> <span class='ocrx_word' id='word_1_110' title='bbox 581 1348 734 1396; x_wconf 84' lang='lat' dir='ltr'>loquar,</span> <span class='ocrx_word' id='word_1_111' title='bbox 769 1348 939 1384; x_wconf 84' lang='lat' dir='ltr'>miserae</span> <span class='ocrx_word' id='word_1_112' title='bbox 967 1360 1052 1384; x_wconf 88' lang='lat' dir='ltr'>non</span> <span class='ocrx_word' id='word_1_113' title='bbox 1081 1347 1232 1396; x_wconf 83' lang='lat' dir='ltr'>proelia</span> <span class='ocrx_word' id='word_1_114' title='bbox 1261 1346 1431 1393; x_wconf 85' lang='lat' dir='ltr'>Troiae;</span> 
     </span>
     <span class='ocr_line' id='line_1_21' title="bbox 282 1412 1304 1463; baseline -0.003 -11"><span class='ocrx_word' id='word_1_115' title='bbox 282 1415 405 1452; x_wconf 83' lang='lat' dir='ltr'>Terra</span> <span class='ocrx_word' id='word_1_116' title='bbox 435 1413 583 1463; x_wconf 88' lang='lat' dir='ltr'>quibus</span> <span class='ocrx_word' id='word_1_117' title='bbox 613 1413 773 1462; x_wconf 83' lang='lat' dir='ltr'>gaudet,</span> <span class='ocrx_word' id='word_1_118' title='bbox 809 1413 916 1450; x_wconf 87' lang='lat' dir='ltr'>dona</span> <span class='ocrx_word' id='word_1_119' title='bbox 945 1426 1122 1461; x_wconf 87' lang='lat' dir='ltr'>superna</span> <span class='ocrx_word' id='word_1_120' title='bbox 1151 1412 1304 1461; x_wconf 86' lang='lat' dir='ltr'>loquar.</span> 
     </span>
     <span class='ocr_line' id='line_1_22' title="bbox 227 1477 1362 1526; baseline -0.001 -8"><span class='ocrx_word' id='word_1_121' title='bbox 227 1483 295 1518; x_wconf 86' lang='lat' dir='ltr'>En</span> <span class='ocrx_word' id='word_1_122' title='bbox 324 1480 435 1517; x_wconf 88' lang='lat' dir='ltr'>Deus</span> <span class='ocrx_word' id='word_1_123' title='bbox 464 1479 572 1516; x_wconf 86' lang='lat' dir='ltr'>altus</span> <span class='ocrx_word' id='word_1_124' title='bbox 601 1478 686 1516; x_wconf 85' lang='lat' dir='ltr'>adit</span> <span class='ocrx_word' id='word_1_125' title='bbox 717 1478 972 1516; x_wconf 84' lang='lat' dir='ltr'>uenerandae</span> <span class='ocrx_word' id='word_1_126' title='bbox 1002 1477 1175 1526; x_wconf 84' lang='lat' dir='ltr'>uirginis</span> <span class='ocrx_word' id='word_1_127' title='bbox 1205 1478 1362 1517; x_wconf 86' lang='lat' dir='ltr'>aluum.</span> 
     </span>
     <span class='ocr_line' id='line_1_23' title="bbox 282 1543 1240 1592; baseline -0.003 -9"><span class='ocrx_word' id='word_1_128' title='bbox 282 1545 446 1583; x_wconf 81' lang='lat' dir='ltr'>Liberet</span> <span class='ocrx_word' id='word_1_129' title='bbox 476 1546 522 1582; x_wconf 84' lang='lat' dir='ltr'>ut</span> <span class='ocrx_word' id='word_1_130' title='bbox 552 1544 751 1592; x_wconf 79' lang='lat' dir='ltr'>homines,</span> <span class='ocrx_word' id='word_1_131' title='bbox 786 1557 838 1581; x_wconf 91' lang='lat' dir='ltr'>en</span> <span class='ocrx_word' id='word_1_132' title='bbox 867 1543 979 1580; x_wconf 88' lang='lat' dir='ltr'>Deus</span> <span class='ocrx_word' id='word_1_133' title='bbox 1008 1543 1117 1580; x_wconf 81' lang='lat' dir='ltr'>altus</span> <span class='ocrx_word' id='word_1_134' title='bbox 1145 1543 1240 1580; x_wconf 84' lang='lat' dir='ltr'>adit.</span> 
     </span>
     <span class='ocr_line' id='line_1_24' title="bbox 232 1609 1326 1661; baseline -0.003 -13"><span class='ocrx_word' id='word_1_135' title='bbox 232 1610 415 1661; x_wconf 58' lang='lat' dir='ltr'>{Femina</span> <span class='ocrx_word' id='word_1_136' title='bbox 444 1610 558 1658; x_wconf 88' lang='lat' dir='ltr'>uirgo</span> <span class='ocrx_word' id='word_1_137' title='bbox 588 1609 693 1658; x_wconf 83' lang='lat' dir='ltr'>parit.</span> <span class='ocrx_word' id='word_1_138' title='bbox 721 1609 896 1646; x_wconf 78' lang='lat' dir='ltr'>mundi⁴</span> <span class='ocrx_word' id='word_1_139' title='bbox 926 1609 1073 1646; x_wconf 77' lang='lat' dir='ltr'>deuota</span> <span class='ocrx_word' id='word_1_140' title='bbox 1101 1611 1326 1657; x_wconf 81' lang='lat' dir='ltr'>parentem,</span> 
     </span>
     <span class='ocr_line' id='line_1_25' title="bbox 283 1674 1156 1723; baseline -0.001 -10"><span class='ocrx_word' id='word_1_141' title='bbox 283 1677 407 1714; x_wconf 81' lang='lat' dir='ltr'>Porta</span> <span class='ocrx_word' id='word_1_142' title='bbox 435 1675 561 1712; x_wconf 82' lang='lat' dir='ltr'>Maria</span> <span class='ocrx_word' id='word_1_143' title='bbox 590 1675 676 1721; x_wconf 84' lang='lat' dir='ltr'>Dei,</span> <span class='ocrx_word' id='word_1_144' title='bbox 711 1674 866 1711; x_wconf 81' lang='lat' dir='ltr'>femina</span> <span class='ocrx_word' id='word_1_145' title='bbox 896 1675 1011 1723; x_wconf 87' lang='lat' dir='ltr'>uirgo</span> <span class='ocrx_word' id='word_1_146' title='bbox 1040 1674 1156 1723; x_wconf 77' lang='lat' dir='ltr'>parit.</span> 
     </span>
    </p>

    <p class='ocr_par' dir='ltr' id='par_1_10' title="bbox 231 1730 1392 1856">
     <span class='ocr_line' id='line_1_26' title="bbox 231 1730 1392 1789; baseline -0.003 -10"><span class='ocrx_word' id='word_1_147' title='bbox 231 1742 393 1779; x_wconf 70' lang='lat' dir='ltr'>Gaudet</span> <span class='ocrx_word' id='word_1_148' title='bbox 421 1730 551 1778; x_wconf 77' lang='lat' dir='ltr'>amica</span> <span class='ocrx_word' id='word_1_149' title='bbox 579 1734 722 1777; x_wconf 78' lang='lat' dir='ltr'>cohors</span> <span class='ocrx_word' id='word_1_150' title='bbox 751 1735 800 1777; x_wconf 81' lang='lat' dir='ltr'>(le</span> <span class='ocrx_word' id='word_1_151' title='bbox 830 1730 991 1789; x_wconf 75' lang='lat' dir='ltr'>uirgine</span> <span class='ocrx_word' id='word_1_152' title='bbox 1019 1742 1152 1777; x_wconf 86' lang='lat' dir='ltr'>matre</span> <span class='ocrx_word' id='word_1_153' title='bbox 1182 1740 1392 1785; x_wconf 77' lang='lat' dir='ltr'>tonantis3</span> 
     </span>
     <span class='ocr_line' id='line_1_27' title="bbox 283 1796 1238 1856; baseline -0.002 -12"><span class='ocrx_word' id='word_1_154' title='bbox 283 1796 534 1856; x_wconf 65' lang='lat' dir='ltr'>Uirginiffite</span> <span class='ocrx_word' id='word_1_155' title='bbox 564 1805 721 1843; x_wconf 85' lang='lat' dir='ltr'>micans</span> <span class='ocrx_word' id='word_1_156' title='bbox 748 1804 897 1855; x_wconf 84' lang='lat' dir='ltr'>gaudet</span> <span class='ocrx_word' id='word_1_157' title='bbox 926 1804 1054 1842; x_wconf 89' lang='lat' dir='ltr'>amica</span> <span class='ocrx_word' id='word_1_158' title='bbox 1083 1805 1238 1842; x_wconf 84' lang='lat' dir='ltr'>cohors.</span> 
     </span>
    </p>

    <p class='ocr_par' dir='ltr' id='par_1_11' title="bbox 229 1870 1311 1987">
     <span class='ocr_line' id='line_1_28' title="bbox 229 1870 1311 1920; baseline -0.003 -10"><span class='ocrx_word' id='word_1_159' title='bbox 229 1872 370 1910; x_wconf 90' lang='lat' dir='ltr'>Huius</span> <span class='ocrx_word' id='word_1_160' title='bbox 398 1872 529 1909; x_wconf 89' lang='lat' dir='ltr'>honor</span> <span class='ocrx_word' id='word_1_161' title='bbox 557 1870 700 1920; x_wconf 88' lang='lat' dir='ltr'>genuit</span> <span class='ocrx_word' id='word_1_162' title='bbox 730 1872 838 1908; x_wconf 87' lang='lat' dir='ltr'>casto</span> <span class='ocrx_word' id='word_1_163' title='bbox 870 1871 919 1907; x_wconf 87' lang='lat' dir='ltr'>de</span> <span class='ocrx_word' id='word_1_164' title='bbox 948 1870 1132 1920; x_wconf 80' lang='lat' dir='ltr'>germine</span> <span class='ocrx_word' id='word_1_165' title='bbox 1162 1871 1311 1919; x_wconf 87' lang='lat' dir='ltr'>plures,</span> 
     </span>
     <span class='ocr_line' id='line_1_29' title="bbox 285 1935 1151 1987; baseline -0.005 -11"><span class='ocrx_word' id='word_1_166' title='bbox 285 1937 506 1987; x_wconf 87' lang='lat' dir='ltr'>Uirgineos</span> <span class='ocrx_word' id='word_1_167' title='bbox 535 1937 655 1974; x_wconf 85' lang='lat' dir='ltr'>fiores</span> <span class='ocrx_word' id='word_1_168' title='bbox 683 1936 806 1973; x_wconf 90' lang='lat' dir='ltr'>huius</span> <span class='ocrx_word' id='word_1_169' title='bbox 836 1936 969 1973; x_wconf 86' lang='lat' dir='ltr'>honor</span> <span class='ocrx_word' id='word_1_170' title='bbox 997 1935 1151 1985; x_wconf 87' lang='lat' dir='ltr'>genuit.</span> 
     </span>
    </p>

    <p class='ocr_par' dir='ltr' id='par_1_12' title="bbox 230 2001 1284 2117">
     <span class='ocr_line' id='line_1_30' title="bbox 230 2001 1284 2054; baseline -0.003 -13"><span class='ocrx_word' id='word_1_171' title='bbox 230 2003 406 2054; x_wconf 86' lang='lat' dir='ltr'>Ignibus</span> <span class='ocrx_word' id='word_1_172' title='bbox 435 2005 527 2040; x_wconf 86' lang='lat' dir='ltr'>usta</span> <span class='ocrx_word' id='word_1_173' title='bbox 554 2002 661 2050; x_wconf 87' lang='lat' dir='ltr'>feris,</span> <span class='ocrx_word' id='word_1_174' title='bbox 695 2002 812 2050; x_wconf 88' lang='lat' dir='ltr'>uirgo</span> <span class='ocrx_word' id='word_1_175' title='bbox 842 2015 927 2039; x_wconf 90' lang='lat' dir='ltr'>non</span> <span class='ocrx_word' id='word_1_176' title='bbox 959 2001 1080 2039; x_wconf 86' lang='lat' dir='ltr'>cessit</span> <span class='ocrx_word' id='word_1_177' title='bbox 1109 2001 1284 2050; x_wconf 84' lang='lat' dir='ltr'>Agathe,</span> 
     </span>
     <span class='ocr_line' id='line_1_31' title="bbox 284 2067 1160 2117; baseline -0.002 -11"><span class='ocrx_word' id='word_1_178' title='bbox 284 2069 447 2107; x_wconf 84' lang='lat' dir='ltr'>Eulalia</span> <span class='ocrx_word' id='word_1_179' title='bbox 475 2069 515 2105; x_wconf 89' lang='lat' dir='ltr'>et</span> <span class='ocrx_word' id='word_1_180' title='bbox 543 2068 704 2117; x_wconf 80' lang='lat' dir='ltr'>perfert,</span> <span class='ocrx_word' id='word_1_181' title='bbox 740 2067 904 2117; x_wconf 88' lang='lat' dir='ltr'>ignibus</span> <span class='ocrx_word' id='word_1_182' title='bbox 934 2068 1025 2104; x_wconf 84' lang='lat' dir='ltr'>usta</span> <span class='ocrx_word' id='word_1_183' title='bbox 1054 2067 1160 2104; x_wconf 88' lang='lat' dir='ltr'>feris.</span> 
     </span>
    </p>

    <p class='ocr_par' dir='ltr' id='par_1_13' title="bbox 230 2131 1340 2247">
     <span class='ocr_line' id='line_1_32' title="bbox 230 2131 1340 2183; baseline -0.004 -10"><span class='ocrx_word' id='word_1_184' title='bbox 230 2137 359 2173; x_wconf 85' lang='lat' dir='ltr'>Kasta</span> <span class='ocrx_word' id='word_1_185' title='bbox 386 2135 492 2172; x_wconf 86' lang='lat' dir='ltr'>feras</span> <span class='ocrx_word' id='word_1_186' title='bbox 521 2135 683 2183; x_wconf 83' lang='lat' dir='ltr'>superat</span> <span class='ocrx_word' id='word_1_187' title='bbox 712 2133 867 2171; x_wconf 73' lang='lat' dir='ltr'>inentis</span> <span class='ocrx_word' id='word_1_188' title='bbox 896 2146 969 2182; x_wconf 88' lang='lat' dir='ltr'>pro</span> <span class='ocrx_word' id='word_1_189' title='bbox 1000 2132 1180 2170; x_wconf 89' lang='lat' dir='ltr'>culmine</span> <span class='ocrx_word' id='word_1_190' title='bbox 1211 2131 1340 2178; x_wconf 76' lang='lat' dir='ltr'>Tecla,</span> 
     </span>
     <span class='ocr_line' id='line_1_33' title="bbox 286 2199 1150 2247; baseline -0.002 -9"><span class='ocrx_word' id='word_1_191' title='bbox 286 2200 478 2238; x_wconf 84' lang='lat' dir='ltr'>Eufemia</span> <span class='ocrx_word' id='word_1_192' title='bbox 507 2200 664 2238; x_wconf 84' lang='lat' dir='ltr'>sacras⁵</span> <span class='ocrx_word' id='word_1_193' title='bbox 693 2200 809 2236; x_wconf 85' lang='lat' dir='ltr'>kasta</span> <span class='ocrx_word' id='word_1_194' title='bbox 836 2199 944 2236; x_wconf 85' lang='lat' dir='ltr'>feras</span> <span class='ocrx_word' id='word_1_195' title='bbox 973 2200 1150 2247; x_wconf 82' lang='lat' dir='ltr'>superat.</span> 
     </span>
    </p>
   </div>
   <div class='ocr_carea' id='block_1_10' title="bbox 233 2306 1496 2405">
    <p class='ocr_par' dir='ltr' id='par_1_14' title="bbox 233 2306 1496 2405">
     <span class='ocr_line' id='line_1_34' title="bbox 275 2306 1496 2349; baseline -0.004 -8"><span class='ocrx_word' id='word_1_196' title='bbox 275 2310 285 2327; x_wconf 78' lang='lat'>¹</span> <span class='ocrx_word' id='word_1_197' title='bbox 308 2311 353 2341; x_wconf 89' lang='lat' dir='ltr'>In</span> <span class='ocrx_word' id='word_1_198' title='bbox 369 2311 430 2340; x_wconf 84' lang='lat' dir='ltr'>the</span> <span class='ocrx_word' id='word_1_199' title='bbox 446 2310 601 2349; x_wconf 82' lang='lat' dir='ltr'>capitula</span> <span class='ocrx_word' id='word_1_200' title='bbox 616 2309 640 2340; x_wconf 91' lang='lat' dir='ltr'>C</span> <span class='ocrx_word' id='word_1_201' title='bbox 655 2309 751 2348; x_wconf 88' lang='lat' dir='ltr'>joins</span> <span class='ocrx_word' id='word_1_202' title='bbox 764 2309 826 2338; x_wconf 90' lang='lat' dir='ltr'>the</span> <span class='ocrx_word' id='word_1_203' title='bbox 838 2308 994 2347; x_wconf 81' lang='lat' dir='ltr'>heading</span> <span class='ocrx_word' id='word_1_204' title='bbox 1010 2308 1048 2338; x_wconf 86' lang='lat' dir='ltr'>of</span> <span class='ocrx_word' id='word_1_205' title='bbox 1060 2307 1134 2338; x_wconf 84' lang='lat' dir='ltr'>this</span> <span class='ocrx_word' id='word_1_206' title='bbox 1150 2308 1297 2347; x_wconf 82' lang='lat' dir='ltr'>chapter</span> <span class='ocrx_word' id='word_1_207' title='bbox 1309 2308 1344 2337; x_wconf 88' lang='lat' dir='ltr'>to</span> <span class='ocrx_word' id='word_1_208' title='bbox 1361 2307 1441 2336; x_wconf 84' lang='lat' dir='ltr'>that</span> <span class='ocrx_word' id='word_1_209' title='bbox 1459 2306 1496 2335; x_wconf 88' lang='lat' dir='ltr'>of</span> 
     </span>
     <span class='ocr_line' id='line_1_35' title="bbox 233 2362 1490 2405; baseline -0.005 -9"><span class='ocrx_word' id='word_1_210' title='bbox 233 2366 295 2396; x_wconf 72' lang='lat' dir='ltr'>the</span> <span class='ocrx_word' id='word_1_211' title='bbox 317 2365 507 2405; x_wconf 85' lang='lat' dir='ltr'>preceding</span> <span class='ocrx_word' id='word_1_212' title='bbox 523 2374 588 2394; x_wconf 91' lang='lat' dir='ltr'>one</span> <span class='ocrx_word' id='word_1_213' title='bbox 603 2375 610 2402; x_wconf 71' lang='grc' dir='ltr'><strong><em>ς</em></strong></span> <span class='ocrx_word' id='word_1_214' title='bbox 634 2374 670 2394; x_wconf 92' lang='lat' dir='ltr'>so</span> <span class='ocrx_word' id='word_1_215' title='bbox 683 2364 750 2394; x_wconf 76' lang='lat' dir='ltr'>AS.</span> <span class='ocrx_word' id='word_1_216' title='bbox 769 2363 818 2401; x_wconf 55' lang='lat' dir='ltr'>Rl.</span> <span class='ocrx_word' id='word_1_217' title='bbox 837 2363 888 2400; x_wconf 68' lang='lat' dir='ltr'>Oa·</span> <span class='ocrx_word' id='word_1_218' title='bbox 907 2363 1002 2401; x_wconf 71' lang='lat'>07-9.</span> <span class='ocrx_word' id='word_1_219' title='bbox 1018 2363 1076 2393; x_wconf 42' lang='lat' dir='ltr'>Sic.</span> <span class='ocrx_word' id='word_1_220' title='bbox 1112 2363 1157 2392; x_wconf 92' lang='lat' dir='ltr'>In</span> <span class='ocrx_word' id='word_1_221' title='bbox 1174 2363 1236 2392; x_wconf 85' lang='lat' dir='ltr'>the</span> <span class='ocrx_word' id='word_1_222' title='bbox 1252 2364 1329 2392; x_wconf 78' lang='lat' dir='ltr'>text</span> <span class='ocrx_word' id='word_1_223' title='bbox 1347 2362 1371 2392; x_wconf 89' lang='lat' dir='ltr'>C</span> <span class='ocrx_word' id='word_1_224' title='bbox 1386 2371 1490 2391; x_wconf 90' lang='lat' dir='ltr'>num—</span> 
     </span>
    </p>
   </div>
   <div class='ocr_carea' id='block_1_11' title="bbox 234 2413 1492 2562">
    <p class='ocr_par' dir='ltr' id='par_1_15' title="bbox 234 2413 1492 2562">
     <span class='ocr_line' id='line_1_36' title="bbox 234 2413 1489 2457; baseline -0.004 -9"><span class='ocrx_word' id='word_1_225' title='bbox 234 2419 312 2448; x_wconf 86' lang='lat' dir='ltr'>bers</span> <span class='ocrx_word' id='word_1_226' title='bbox 323 2417 399 2447; x_wconf 79' lang='lat' dir='ltr'>this</span> <span class='ocrx_word' id='word_1_227' title='bbox 415 2427 452 2447; x_wconf 82' lang='lat' dir='ltr'>as</span> <span class='ocrx_word' id='word_1_228' title='bbox 468 2427 488 2447; x_wconf 82' lang='lat' dir='ltr'>a</span> <span class='ocrx_word' id='word_1_229' title='bbox 500 2416 596 2447; x_wconf 85' lang='lat' dir='ltr'>fresh</span> <span class='ocrx_word' id='word_1_230' title='bbox 608 2417 753 2456; x_wconf 80' lang='lat' dir='ltr'>chapter</span> <span class='ocrx_word' id='word_1_231' title='bbox 767 2416 849 2457; x_wconf 52' lang='lat' dir='ltr'>&lt;As</span> <span class='ocrx_word' id='word_1_232' title='bbox 861 2416 968 2446; x_wconf 85' lang='lat' dir='ltr'>omits</span> <span class='ocrx_word' id='word_1_233' title='bbox 985 2416 1012 2445; x_wconf 82' lang='lat' dir='ltr'>it</span> <span class='ocrx_word' id='word_1_234' title='bbox 1029 2415 1253 2454; x_wconf 74' lang='lat' dir='ltr'>altogether).</span> <span class='ocrx_word' id='word_1_235' title='bbox 1325 2413 1336 2429; x_wconf 72' lang='lat'><strong>²</strong></span> <span class='ocrx_word' id='word_1_236' title='bbox 1360 2413 1412 2451; x_wconf 65' lang='lat'>04.</span> <span class='ocrx_word' id='word_1_237' title='bbox 1426 2413 1489 2452; x_wconf 59' lang='grc' dir='ltr'>ΟΝ.</span> 
     </span>
     <span class='ocr_line' id='line_1_37' title="bbox 234 2467 1492 2509; baseline -0.004 -8"><span class='ocrx_word' id='word_1_238' title='bbox 234 2474 297 2502; x_wconf 80' lang='lat' dir='ltr'>add</span> <span class='ocrx_word' id='word_1_239' title='bbox 313 2481 333 2500; x_wconf 89' lang='grc' dir='ltr'><em>α</em></span> <span class='ocrx_word' id='word_1_240' title='bbox 348 2481 412 2501; x_wconf 70' lang='lat' dir='ltr'>new</span> <span class='ocrx_word' id='word_1_241' title='bbox 427 2473 575 2508; x_wconf 66' lang='lat' dir='ltr'>heading:</span> <span class='ocrx_word' id='word_1_242' title='bbox 597 2474 604 2486; x_wconf 70' lang='lat'><strong><em>⁴</em></strong></span> <span class='ocrx_word' id='word_1_243' title='bbox 615 2471 772 2509; x_wconf 76' lang='lat' dir='ltr'>hymnus</span> <span class='ocrx_word' id='word_1_244' title='bbox 791 2493 798 2500; x_wconf 94' lang='lat'><strong>.</strong></span> <span class='ocrx_word' id='word_1_245' title='bbox 817 2494 824 2500; x_wconf 90' lang='lat'><strong><em>.</em></strong></span> <span class='ocrx_word' id='word_1_246' title='bbox 843 2493 850 2499; x_wconf 93' lang='lat'><strong>.</strong></span> <span class='ocrx_word' id='word_1_247' title='bbox 863 2469 1014 2509; x_wconf 85' lang='lat' dir='ltr'>elegiaco</span> <span class='ocrx_word' id='word_1_248' title='bbox 1029 2470 1065 2499; x_wconf 84' lang='lat' dir='ltr'>et</span> <span class='ocrx_word' id='word_1_249' title='bbox 1081 2469 1303 2508; x_wconf 85' lang='lat' dir='ltr'>paracberico</span> <span class='ocrx_word' id='word_1_250' title='bbox 1323 2467 1492 2508; x_wconf 82' lang='lat' dir='ltr'>[paracte-</span> 
     </span>
     <span class='ocr_line' id='line_1_38' title="bbox 236 2517 1492 2562; baseline -0.004 -9"><span class='ocrx_word' id='word_1_251' title='bbox 236 2525 308 2554; x_wconf 84' lang='lat' dir='ltr'>rieo</span> <span class='ocrx_word' id='word_1_252' title='bbox 325 2522 395 2562; x_wconf 66' lang='lat'><em>010]</em></span> <span class='ocrx_word' id='word_1_253' title='bbox 419 2523 476 2552; x_wconf 91' lang='lat' dir='ltr'>uel</span> <span class='ocrx_word' id='word_1_254' title='bbox 493 2522 666 2561; x_wconf 86' lang='lat' dir='ltr'>reciproco</span> <span class='ocrx_word' id='word_1_255' title='bbox 683 2522 862 2552; x_wconf 68' lang='lat' dir='ltr'>carmine!</span> <span class='ocrx_word' id='word_1_256' title='bbox 973 2521 985 2538; x_wconf 78' lang='lat'><strong>³</strong></span> <span class='ocrx_word' id='word_1_257' title='bbox 1007 2521 1129 2560; x_wconf 84' lang='lat' dir='ltr'>paucis</span> <span class='ocrx_word' id='word_1_258' title='bbox 1146 2520 1187 2551; x_wconf 90' lang='lat' dir='ltr'>B.</span> <span class='ocrx_word' id='word_1_259' title='bbox 1322 2519 1331 2536; x_wconf 70' lang='lat'><strong>¹</strong></span> <span class='ocrx_word' id='word_1_260' title='bbox 1356 2519 1414 2549; x_wconf 92' lang='lat' dir='ltr'>-do</span> <span class='ocrx_word' id='word_1_261' title='bbox 1433 2517 1492 2548; x_wconf 86' lang='lat' dir='ltr'>M¹.</span> 
     </span>
    </p>
   </div>
   <div class='ocr_carea' id='block_1_12' title="bbox 232 2574 604 2611">
    <p class='ocr_par' dir='ltr' id='par_1_16' title="bbox 232 2574 604 2611">
     <span class='ocr_line' id='line_1_39' title="bbox 232 2574 604 2611; baseline -0.003 -6"><span class='ocrx_word' id='word_1_262' title='bbox 232 2575 244 2593; x_wconf 86' lang='lat'>⁵</span> <span class='ocrx_word' id='word_1_263' title='bbox 265 2577 344 2611; x_wconf 79' lang='lat' dir='ltr'>final</span> <span class='ocrx_word' id='word_1_264' title='bbox 360 2585 376 2605; x_wconf 87' lang='lat' dir='ltr'>s</span> <span class='ocrx_word' id='word_1_265' title='bbox 390 2577 493 2605; x_wconf 81' lang='lat' dir='ltr'>erased</span> <span class='ocrx_word' id='word_1_266' title='bbox 507 2576 541 2604; x_wconf 81' lang='lat' dir='ltr'>z&#39;n</span> <span class='ocrx_word' id='word_1_267' title='bbox 557 2574 604 2605; x_wconf 85' lang='lat' dir='ltr'>M.</span> 
     </span>
    </p>
   </div>
   <div class='ocr_carea' id='block_1_13' title="bbox 1511 969 1690 1122">
    <p class='ocr_par' dir='ltr' id='par_1_17' title="bbox 1511 969 1690 1122">
     <span class='ocr_line' id='line_1_40' title="bbox 1512 969 1675 1003; baseline -0.006 -7"><span class='ocrx_word' id='word_1_268' title='bbox 1512 969 1625 1003; x_wconf 82' lang='lat' dir='ltr'>Hymn</span> <span class='ocrx_word' id='word_1_269' title='bbox 1642 969 1675 995; x_wconf 82' lang='lat' dir='ltr'>in</span> 
     </span>
     <span class='ocr_line' id='line_1_41' title="bbox 1512 1009 1690 1036; baseline -0.006 -1"><span class='ocrx_word' id='word_1_270' title='bbox 1512 1009 1640 1036; x_wconf 86' lang='lat' dir='ltr'>honour</span> <span class='ocrx_word' id='word_1_271' title='bbox 1655 1010 1690 1035; x_wconf 75' lang='lat' dir='ltr'>of</span> 
     </span>
     <span class='ocr_line' id='line_1_42' title="bbox 1513 1048 1624 1075; baseline -0.009 0"><span class='ocrx_word' id='word_1_272' title='bbox 1513 1048 1624 1075; x_wconf 87' lang='lat' dir='ltr'>Ethel-</span> 
     </span>
     <span class='ocr_line' id='line_1_43' title="bbox 1511 1087 1638 1122; baseline 0 -8"><span class='ocrx_word' id='word_1_273' title='bbox 1511 1087 1638 1122; x_wconf 78' lang='lat' dir='ltr'>thryth.</span> 
     </span>
    </p>
   </div>
  </div>
 </body>
</html>
