1803 2887
266 193 342 222 CAP.
359 188 400 229 1.]
664 180 815 222 Gentis
845 179 1112 234 Angylorum.
1463 178 1516 217 77

263 297 404 344 toriis;
434 295 573 334 libello
603 308 762 344 quoque
791 294 994 344 synodico,
1020 306 1143 343 quem
1172 291 1292 330 cum¹
1321 291 1518 341 episcopis

264 362 408 400 Italiae
437 361 486 399 de
515 360 750 398 necessariis
784 360 972 398 ecclesiae
1001 359 1131 399 causis
1164 359 1394 398 utillimum
1428 370 1518 394 con-

264 427 408 476 posuit,
433 428 473 464 et
501 424 771 463 familiaribus
799 425 849 462 ad
879 425 1075 474 quosdam
1104 425 1263 464 litteris,
1325 423 1440 471 Quod
1471 435 1517 460 eo

264 492 393 541 magis
413 491 565 528 mirum
591 491 652 528 est
678 491 740 527 tot
767 503 861 527 eum
891 503 935 528 ac
964 492 1079 529 tanta
1107 491 1277 529 condere
1304 487 1518 527 uolumina

264 556 454 606 potuisse,
478 556 586 605 quod
611 555 725 593 omni
750 568 855 604 pene
879 555 1110 594 iuuentutis
1135 569 1230 594 suae
1254 557 1446 604 tempore,
1471 555 1518 591 ut

264 621 400 659 uerbis
420 621 548 670 ipsius
567 621 718 669 loquar,
744 620 894 658 crebris
912 621 1116 660 uiscerum
1143 621 1351 659 doloribus
1374 619 1518 657 crucia-

262 685 417 733 batur²‚
451 686 563 724 horis
597 686 902 735 momentisque
935 687 1128 724 omnibus
1160 687 1285 724 fracta
1317 685 1518 723 stomachi

264 751 416 789 uirtute
436 751 684 796 lassescebat,
706 751 830 788 lentis
850 751 1029 800 quidem,
1055 752 1125 790 sed
1145 753 1284 789 tamen
1309 750 1517 788 continuis

263 816 445 854 febribus
470 816 698 854 anhelabat.
759 817 917 855 Uerum
938 817 1045 855 inter
1064 817 1173 865 haec,
1199 817 1299 855 dum
1319 816 1518 854 sollicitus

263 884 461 931 pensaret,
509 882 604 930 quia
643 881 844 930 scriptura
890 884 1020 921 teste:
1072 883 1081 901 ‘
1097 882 1242 921 Omnis
1280 882 1401 925 filius,
1446 880 1517 929 qui

264 948 466 997 recipitur,
501 947 773 996 flagellatur'3
804 960 883 996 quo
914 947 1033 985 malis
1063 947 1348 997 praesentibus
1377 947 1518 984 durius

263 1012 574 1062 deprimebatur,
618 1025 664 1050 eo
712 1013 762 1050 de
803 1014 967 1050 aeterna
1014 1012 1163 1051 certius
1209 1012 1516 1062 praesumtione

262 1077 495 1127 respirabat.

316 1144 429 1181 Haec
458 1143 624 1192 quidem
653 1143 702 1180 de
731 1142 941 1181 inmortali
971 1143 1056 1181 eius
1085 1143 1170 1181 sint
1198 1144 1307 1182 dicta
1338 1142 1515 1192 ingenio.

263 1209 371 1258 quod
392 1222 466 1246 nec
487 1210 602 1246 tanto
623 1209 801 1257 corporis
816 1209 950 1258 potuit
968 1209 1107 1247 dolore
1122 1209 1323 1258 restingui
1335 1209 1359 1246 ³.
1412 1208 1517 1245 Nam

262 1274 331 1312 alii
360 1274 526 1324 quidam
556 1274 769 1323 pontifices
801 1275 1085 1313 construendis
1117 1275 1392 1323 ornandisque
1421 1287 1519 1312 auro

261 1340 329 1377 uel
358 1340 525 1390 argento
555 1339 733 1377 ecclesiis
761 1353 925 1389 operam
954 1340 1117 1389 dabant,
1142 1341 1209 1378 hic
1238 1342 1377 1378 autem
1407 1342 1518 1378 totus

263 1418 354 1455 erga
382 1405 612 1442 animarum
641 1405 753 1442 lucra
781 1405 960 1444 uacabat.

318 1471 516 1520 Quicquid
543 1470 737 1520 pecuniae
760 1470 966 1518 habuerat,
991 1471 1156 1509 sedulus
1185 1471 1261 1509 hoc
1289 1471 1518 1521 dispergere

263 1549 307 1574 ac
326 1537 421 1574 dare
439 1536 684 1585 pauperibus
712 1536 888 1584 curabat,
913 1538 959 1574 ut
979 1536 1136 1575 iustitia
1162 1537 1249 1574 eius
1268 1539 1452 1575 maneret
1473 1537 1516 1574 in

263 1602 470 1639 saeculum
493 1600 650 1649 saeculi,
679 1603 720 1639 et
747 1614 873 1639 cornu
899 1601 987 1640 eius
1010 1602 1258 1640 exaltaretur
1286 1602 1330 1639 in
1361 1602 1516 1652 gloria:

263 1667 321 1705 ita
347 1669 394 1705 ut
419 1667 522 1704 illud
548 1666 655 1704 beati
682 1666 758 1704 10b
785 1667 982 1705 ueraciter
1011 1667 1143 1705 dicere
1172 1669 1335 1716 posset:
1371 1668 1518 1706 ‘Auris

262 1732 432 1770 audiens
450 1732 697 1770 beatificauit
711 1732 724 1752 4
743 1745 819 1780 me,
844 1734 884 1770 et
904 1732 1045 1770 oculus
1064 1733 1210 1770 uidens
1230 1733 1516 1771 testimonium

262 1798 451 1836 reddebat
467 1798 582 1845 mihi,
600 1798 706 1846 quod
722 1797 960 1836 liberassem
975 1811 1196 1847 pauperem
1208 1799 1511 1838 uociferantem.

262 1865 302 1901 et
321 1863 538 1912 pupillum,
561 1862 624 1900 cui
644 1876 728 1900 non
749 1864 855 1901 esset
874 1863 1044 1902 adiutor.
1087 1863 1326 1902 Benedictio
1346 1864 1518 1913 perituri

264 1942 384 1978 super
428 1941 496 1966 me
533 1929 733 1977 ueniebat,
771 1930 812 1966 et
849 1942 917 1966 cor
953 1929 1102 1967 uiduae
1141 1930 1370 1968 consolatus
1408 1944 1513 1969 sum.

263 1995 430 2032 Iustitia
455 1994 627 2032 indutus
652 2007 754 2041 sum,
780 1996 820 2032 et
846 1994 1020 2032 uestiui5
1040 2008 1117 2042 me,
1143 1995 1246 2033 sicut
1265 1996 1515 2034 uestimento

263 2061 303 2098 et
332 2060 560 2098 diademate
572 2060 595 2107 ⁶,
618 2059 766 2096 iudicio
795 2072 898 2097 meo.
930 2058 934 2109 Ι
961 2059 1112 2098 Oculus
1140 2060 1200 2098 fui
1228 2074 1353 2109 caeco,
1378 2063 1417 2099 et
1446 2075 1517 2110 pes

263 2125 415 2163 claudo.
503 2125 626 2162 Pater
664 2138 775 2162 eram
812 2138 1049 2174 pauperum,
1092 2127 1131 2163 et
1176 2139 1348 2174 causam,
1393 2141 1516 2176 quam

263 2190 502 2237 nesciebam,
534 2189 848 2239 diligentissime
878 2191 1187 2241 inuestigabam.
1248 2192 1516 2231 Conterebam

262 2256 392 2293 molas
411 2255 553 2304 iniqui,
578 2257 617 2293 et
638 2256 687 2293 de
702 2255 893 2293 dentibus
913 2256 1026 2294 illius
1045 2257 1277 2295 auferebam
1298 2259 1516 2307 praedam!

211 2334 227 2362 ·,
263 2321 317 2358 Et
346 2321 467 2370 paulo
499 2322 618 2369 post:
656 2320 722 2358 ‘Si
753 2321 927 2370 negaui‚’
957 2321 1102 2371 inquit,
1142 2323 1273 2372 ‘quod
1307 2323 1511 2371 uolebant,

263 2386 517 2435 pauperibus,
543 2388 582 2424 et
603 2386 739 2423 oculos
760 2385 906 2424 uiduae
926 2389 1155 2437 exspectare
1174 2388 1261 2426 feci.
1300 2389 1340 2427 Si
1358 2389 1516 2427 comedi

306 2491 316 2508 ¹
341 2502 419 2522 cum
435 2503 492 2523 om.
511 2493 556 2523 M.
667 2492 679 2510 2
702 2493 872 2532 fatigatur
888 2492 944 2524 M1.
1033 2494 1044 2512 ³
1067 2496 1235 2534 restringi
1253 2495 1277 2526 C
1293 2506 1300 2531 ;
1324 2497 1451 2526 restrin
1458 2498 1516 2536 gui

264 2543 305 2580 D,
324 2546 397 2573 with
414 2554 431 2573 r
446 2546 563 2575 deleted.
753 2543 764 2561 4
788 2545 1010 2576 beatificabat
1028 2546 1071 2576 M.
1085 2547 1143 2585 HI.
1154 2547 1210 2578 W.
1227 2551 1292 2577 aad
1307 2558 1336 2578 so
1353 2548 1514 2587 Vulgate.

263 2595 275 2613 ⁵
297 2596 444 2626 uestiuit
460 2596 506 2626 M.
594 2595 605 2612 ⁶
628 2596 730 2627 dead·
747 2596 805 2627 M1.
825 2596 879 2628 N¹.

1542 1487 1601 1515 His
1617 1488 1746 1515 charas·-

1541 1529 1600 1556 ter.
