1803 2887
311 192 366 231 80
671 193 717 233 H
718 193 878 234 istoria
908 193 1212 236 Eeclesiastica
1416 202 1490 243 [Lm
1518 206 1560 236 ΙΙ.

311 307 463 355 positos
485 308 647 345 candidi
667 309 854 358 corporis,
879 322 923 347 ac
950 310 1117 348 uenusti
1143 310 1296 358 uultus,
1321 310 1563 360 capillorum

311 386 471 421 quoque
500 374 630 411 forma
663 374 831 424 egregia.
889 375 998 423 Quos
1030 389 1124 413 cum
1156 375 1363 424 aspiceret,
1397 376 1564 414 interro·

310 438 433 487 gauit,
458 440 503 476 ut
524 439 649 486 aiunt,
675 439 724 477 de
751 453 830 489 qua
854 441 1017 490 regione
1043 440 1111 479 uel
1135 443 1243 479 terra
1265 442 1401 479 essent
1421 441 1559 479 adlati.

311 503 558 552 Dictumque
583 506 653 552 est,
679 505 773 554 quia
799 505 849 543 de
874 505 1079 544 Brittania
1104 505 1248 553 insula,
1273 506 1388 544 cuius
1408 506 1564 544 incolae

310 569 404 606 talis
424 572 560 607 essent
580 573 774 618 aspectus.
817 572 974 608 Rursus
993 571 1269 621 interrogauit,
1294 573 1434 609 utrum
1453 572 1564 609 idem

310 634 493 671 insulani
514 635 745 683 Christiani,
769 649 822 673 an
842 635 1011 685 paganis
1037 636 1169 674 adhuc
1196 637 1399 674 erroribus
1427 638 1564 674 essent

311 699 504 748 inplicati.
566 700 758 738 Dictum¹
780 704 852 749 est,
877 702 985 750 quod
1014 703 1149 739 essent
1176 701 1332 751 pagani.
1393 703 1451 740 At
1480 701 1560 748 ille,

310 765 460 803 intimo
490 779 539 803 ex
568 767 688 804 corde
717 766 866 816 longa2
894 767 1063 804 trahens
1092 767 1294 816 suspiria:
1331 767 1460 815 ‘Heu,
1493 780 1564 816 pro

311 830 425 867 dolor
443 831 471 868 !'
492 831 638 880 inquit,
668 832 675 849 ‘
693 832 800 880 quod
820 833 904 869 tam
931 831 1057 870 lucidi
1076 832 1220 870 uultus
1245 832 1434 870 homines
1459 833 1566 869 tene-

311 895 475 934 brarum
513 898 653 934 auctor
689 897 879 946 possidet,
922 899 1117 946 tantaque
1155 897 1284 947 gratia
1321 896 1566 946 frontispicii

312 963 495 999 mentem
526 963 575 1000 ab
608 962 771 1000 interna
801 962 929 1012 gratia
959 976 1131 1001 uacuam
1162 964 1294 1012 gestat
1312 963 1343 1001 !'
1408 963 1566 1000 Rursus

311 1039 405 1076 ergo
434 1027 713 1076 interrogauit,
739 1028 846 1077 quod
872 1029 979 1066 esset
1002 1028 1248 1066 uocabulum
1275 1027 1410 1077 gentis
1438 1027 1561 1066 illius.

313 1091 575 1142 Responsum
614 1094 684 1140 est,
727 1094 834 1142 quod
874 1093 1003 1143 Angli
1040 1096 1293 1132 uocarentur.
1372 1094 1431 1131 At
1468 1093 1566 1131 ille:

315 1158 480 1205 ‘Bene'
502 1159 663 1207 inquit3
698 1159 816 1196 ‘nam
847 1161 887 1196 et
915 1159 1141 1208 angelicam
1170 1159 1323 1198 habent
1346 1159 1502 1206 faciem,
1527 1160 1567 1197 et

311 1221 411 1260 tales
439 1223 677 1272 angelorum
699 1223 743 1260 in
764 1223 884 1261 caelis
910 1224 1024 1262 decet
1048 1238 1134 1262 esse
1163 1224 1390 1262 coheredes.
1451 1224 1566 1272 Quod

311 1287 431 1325 habet
462 1302 613 1326 nomen
643 1289 730 1338 ipsa
758 1289 978 1337 prouincia,
1003 1290 1052 1327 de
1073 1303 1152 1339 qua
1171 1290 1241 1328 isti
1269 1291 1365 1327 sunt
1386 1289 1543 1327 adlati?
1558 1289 1567 1304 ⁹

311 1353 570 1402 Responsum
594 1356 665 1401 est,
691 1355 798 1403 quod
824 1354 938 1391 Deiri
965 1357 1208 1393 uocarentur
1233 1355 1344 1392 idem
1368 1354 1567 1404 prouinci-

310 1419 403 1457 ales.
465 1421 521 1457 At
543 1419 638 1458 ille:
673 1420 835 1467 ‘Bene,’
857 1420 1003 1469 inquit,
1033 1420 1172 1458 ‘Deiri
1192 1435 1200 1468 3
1230 1421 1279 1458 de
1302 1421 1361 1458 ira
1385 1420 1501 1468 eruti,
1526 1422 1565 1458 et

310 1484 359 1522 ad
381 1484 699 1522 misericordiam
720 1485 875 1523 Christi
895 1485 1041 1524 uocati.
1093 1486 1180 1523 Rex
1198 1485 1433 1534 prouinciae
1453 1485 1567 1523 illius

310 1551 515 1599 quomodo
549 1550 833 1599 appellatur?’
891 1551 1150 1599 Responsum
1179 1553 1251 1599 est,
1291 1551 1399 1600 quod
1433 1550 1567 1588 Aelli3

311 1616 522 1654 diceretur.
583 1617 642 1654 At
662 1616 733 1653 ille
752 1616 954 1654 adludens
981 1617 1030 1654 ad
1058 1630 1211 1654 nomen
1235 1616 1317 1655 ait:
1351 1616 1563 1657 ‘Alleluia

309 1680 473 1719 laudem
495 1681 571 1719 Dei
591 1681 790 1719 Creatoris
809 1681 893 1718 illis
912 1681 956 1718 in
977 1681 1163 1730 partibus
1183 1683 1342 1731 oportet
1363 1681 1541 1719 cantari.’

362 1747 655 1796 Accedensque
681 1747 731 1784 ad
758 1746 995 1796 pontificem
1020 1747 1228 1785 Romanae
1258 1749 1298 1785 et
1327 1746 1569 1796 apostolicae

311 1812 428 1860 sedis,
453 1813 640 1850 nondum
661 1813 772 1850 enim
802 1814 886 1850 erat
911 1812 997 1861 ipse
1022 1813 1207 1862 pontifex
1227 1812 1368 1860 factus,
1394 1812 1563 1861 rogauit,

310 1880 355 1916 ut
375 1878 489 1927 genti
509 1878 741 1927 Anglorum
772 1878 816 1915 in
847 1877 1093 1915 Brittaniam
1123 1877 1281 1926 aliquos
1309 1877 1424 1915 uerbi
1453 1877 1569 1915 mini-

311 1945 506 1993 stros‚per
526 1956 627 1993 quos
646 1944 695 1981 ad
718 1943 928 1981 Christum
949 1944 1264 1990 conuerteretur,
1289 1943 1471 1981 mitteret
1490 1957 1498 1990 ;
1526 1955 1568 1980 se

310 2008 446 2058 ipsum
474 2010 663 2058 paratum
693 2022 781 2046 esse
809 2009 854 2046 in
883 2009 958 2045 hoc
987 2021 1089 2057 opus
1118 2008 1298 2046 Domino
1328 2010 1567 2057 cooperante

310 2074 617 2123 perficiendum,
643 2074 677 2111 si
697 2075 835 2111 tamen
856 2073 1074 2123 apostolico
1100 2087 1234 2122 papae,
1260 2073 1336 2111 hoc
1364 2075 1410 2111 ut
1437 2073 1561 2119 fieret⁷

311 2140 497 2189 placeret.
529 2138 531 2189 Ι
560 2140 675 2188 Quod
706 2140 805 2177 dum
834 2139 1027 2188 perficere
1061 2152 1145 2176 non
1174 2140 1321 2188 posset,
1346 2138 1451 2187 quia,
1491 2138 1568 2176 etsi

311 2206 496 2254 pontifex
513 2205 731 2243 concedere
750 2205 824 2252 illi,
846 2205 952 2253 quod
969 2204 1150 2253 petierat,
1168 2204 1312 2251 uoluit,
1330 2217 1413 2242 non
1428 2205 1567 2242 tamen

312 2271 422 2308 ciues
442 2270 628 2318 Romani,
648 2272 695 2308 ut
710 2272 796 2308 tam
816 2270 938 2319 longe
958 2270 1007 2307 ab
1028 2269 1127 2306 urbe
1147 2270 1380 2317 secederet&
1400 2271 1568 2318 potuere

312 2336 576 2385 permittere;
619 2349 716 2373 mox
747 2337 794 2373 ut
825 2335 912 2384 ipse
943 2334 1204 2384 pontificatus
1237 2335 1366 2372 officio
1400 2335 1567 2373 functus

356 2455 364 2472 ¹
390 2456 592 2495 dictumque
607 2456 652 2486 M.
784 2454 796 2472 ²
810 2458 895 2493 from
912 2458 970 2485 this
980 2458 1068 2492 point
1083 2459 1170 2485 down
1186 2459 1210 2485 to
1228 2459 1272 2485 the
1289 2459 1385 2485 words
1401 2465 1565 2495 magnam

312 2521 454 2541 auream
480 2522 514 2541 on
541 2521 574 2551 p.
603 2512 663 2541 126
686 2513 838 2548 inclusive,
861 2513 938 2540 there
961 2512 989 2541 is
1014 2521 1034 2540 a
1060 2513 1171 2540 lacuna
1201 2513 1236 2540 in
1264 2511 1294 2540 N
1321 2513 1430 2541 caused
1459 2514 1494 2547 by
1520 2514 1565 2541 the

313 2566 369 2594 loss
386 2566 446 2601 osa
457 2566 525 2601 sold
542 2566 577 2600 of
596 2562 769 2602 (probably)
788 2565 864 2601 ez'ylzt
888 2565 989 2593 leaves.
1125 2562 1137 2580 ⁸
1158 2562 1247 2593 aelle
1271 2561 1319 2594 C¹.
1337 2561 1399 2600 B23
1422 2562 1487 2594 elle
1514 2561 1564 2594 Οἳ.

313 2615 323 2632 ⁴
348 2615 524 2646 recederet
536 2615 596 2646 M1.

1590 2148 1660 2176 f.28
1675 2157 1702 2176 a.
