1803 2887
249 174 428 215 cmxv]
590 183 595 188 ·
651 168 802 211 Gentis
832 169 1102 223 Anytorum.
1427 171 1504 210 115

247 297 350 333 quae
369 284 560 323 uocatur¹
581 284 821 334 Adgefrin2,
847 285 1035 323 XXXVI
1063 286 1206 323 diebus
1231 285 1386 323 ibidem
1413 298 1506 323 cum

247 350 304 388 eis
324 351 596 388 cathecizandi
615 353 655 388 et
675 351 910 399 baptizandi
927 351 1056 389 officio
1076 351 1238 388 deditus
1258 352 1507 397 moraretur;

106 1547 124 1571 t.
143 1553 181 1579 40
194 1552 221 1572 a.

247 416 396 464 quibus
423 417 566 454 diebus
590 416 749 453 eunctis
774 429 797 453 a
823 429 944 453 mane
972 428 1101 465 usque
1126 417 1175 454 ad
1206 429 1418 464 uesperam
1447 415 1507 452 nil

247 481 358 519 aliud
388 484 531 531 ageret,
561 495 684 530 quam
714 482 988 519 confluentem
1020 496 1066 519 eo
1096 483 1146 520 de
1175 482 1332 520 eunctis
1361 481 1509 519 uiculis

247 560 291 584 ac
314 547 413 585 loeis
435 547 598 596 plebem
627 547 781 585 Christi
809 547 935 584 uerbo
965 548 1111 585 salutis
1140 548 1351 594 instruere,
1385 549 1507 596 atque

246 612 488 650 instructam
509 612 553 649 in
578 612 706 650 fluuio
734 612 867 660 Gleni,
893 613 962 662 qui
989 613 1201 662 proximus
1226 616 1321 661 erat,
1347 613 1508 650 lauacro

247 678 499 716 remissionis
524 679 700 716 abluere.
762 679 875 717 Haec
905 680 1007 717 uilla
1038 682 1222 728 tempore
1248 679 1507 729 sequentium

247 756 392 793 regum
421 744 588 792 deserta,
624 747 664 782 et
697 744 778 782 alia
807 758 880 793 pro
912 745 984 783 illa
1013 747 1073 783 est
1102 745 1208 783 facta
1239 745 1283 783 in
1314 746 1413 793 loco,
1439 744 1508 793 qui

246 813 417 848 uocatur
434 810 641 848 Maelmin.

302 876 415 914 Haec
445 876 612 925 quidem
637 876 681 913 in
707 876 917 925 prouincia
943 877 1254 923 Bernieiorum;
1294 876 1364 914 sed
1394 878 1434 914 et
1463 876 1506 913 in

247 942 456 991 prouincia
494 942 723 989 Deirorum,
766 942 837 979 ubi
875 942 1035 991 saepius
1079 956 1247 980 manere
1286 956 1379 980 cum
1417 955 1509 991 rege

247 1007 412 1056 solebat,
443 1008 671 1056 baptizabat
697 1008 741 1045 in
768 1008 894 1045 fluuio
920 1008 1107 1055 Sualuass,
1133 1009 1202 1057 qui
1229 1008 1368 1046 uicum
1399 1008 1511 1046 Cata-

247 1076 400 1111 ractam
428 1073 690 1122 praeterfluit.
752 1073 949 1111 Nondum
978 1074 1089 1112 enim
1119 1074 1295 1112 oratoria
1320 1074 1387 1112 uel
1418 1074 1511 1124 bap-

248 1139 405 1177 tisteria
424 1139 468 1176 in
487 1139 576 1187 ipso
604 1139 768 1177 exordio
797 1141 1001 1177 nascentis
1028 1140 1085 1177 ibi
1111 1140 1302 1177 eeclesiae
1322 1142 1510 1189 poterant

247 1205 458 1243 aedificari.
517 1205 719 1242 Attamen
752 1205 795 1242 in
830 1206 1105 1254 Oampodono,
1141 1205 1211 1243 ubi
1244 1207 1344 1243 tuno
1383 1205 1509 1243 etiam

248 1271 348 1308 uilla
385 1271 493 1320 regia
530 1272 623 1317 erat.
667 1270 762 1308 fecit
807 1271 1030 1318 basilicam,
1073 1285 1197 1320 quam
1242 1272 1508 1320 postmodum

245 1336 405 1386 pagani,
438 1350 460 1374 a
490 1337 639 1385 quibus
666 1336 873 1374 Aeduini³
905 1350 977 1374 rex
1006 1337 1162 1375 occisus
1193 1339 1262 1385 est,
1299 1350 1393 1374 oum
1424 1339 1510 1375 tota

248 1402 389 1440 eadem
421 1402 522 1440 uilla
552 1402 878 1449 succenderunt;
917 1416 989 1451 pro
1017 1416 1097 1452 qua
1125 1416 1239 1451 reges
1265 1402 1510 1451 posteriores

248 1468 377 1505 fecere
416 1468 494 1505 sibi
531 1468 676 1506 uillam
710 1468 754 1505 in
789 1468 964 1517 regione,
1003 1481 1105 1517 quae
1132 1467 1322 1506 uocatur¹
1355 1468 1506 1506 Loidis.

252 1534 255 1583 ᾗ
279 1533 425 1572 Euasit
454 1536 593 1571 autem
620 1533 760 1583 ignem
787 1534 923 1581 altare,
957 1534 1051 1583 quia
1081 1534 1289 1583 lapideum
1321 1536 1431 1582 erat3
1470 1536 1511 1572 et

248 1601 435 1637 seruatur
453 1600 585 1637 adhuc
605 1599 647 1637 in
669 1600 918 1638 monasterio
945 1600 1268 1637 reuerentissimi
1292 1599 1451 1637 abbatis
1470 1602 1511 1637 et

248 1665 477 1715 presbyteri
498 1666 745 1715 Thryduulfi
759 1666 782 1713 ⁵,
809 1666 915 1715 quod
937 1668 998 1703 est
1013 1667 1025 1685 ⁶
1045 1665 1089 1703 in
1110 1666 1215 1704 silua
1236 1666 1411 1705 Ehnete.

713 1850 722 1866 ¹
754 1869 874 1907 OAP.
909 1868 998 1907 XV.

349 1995 386 2022 Ut
394 1994 561 2029 prouincia
579 1993 780 2021 Orientalz'zmz
797 1993 1076 2029 Anylornmfidem
1095 1993 1206 2021 Christi
1221 1994 1382 2028 susceperit
1395 1989 1417 2021 ⁷.

305 2082 485 2119 TANTUM
523 2083 662 2119 autem
700 2080 930 2119 deuotionis
968 2080 1165 2118 AEduiniss
1213 2093 1307 2129 erga
1356 2080 1513 2118 cultum

253 2147 438 2199 ueritatis
457 2147 612 2194 habuit,
637 2149 683 2185 ut
705 2147 830 2185 etiam
856 2146 942 2196 regi
969 2146 1241 2184 Orientalium
1261 2146 1509 2194 Anglorum,

255 2212 511 2262 Earpualdo⁹
548 2213 634 2250 filio
673 2212 923 2259 Redualdiw,
949 2212 1220 2260 persuaderet,
1247 2211 1401 2250 relictis
1435 2212 1516 2249 ido-

254 2279 389 2317 lorum
427 2278 796 2328 superstitionibus,
834 2278 962 2316 fidem
998 2280 1038 2315 et
1076 2279 1329 2316 sacramenta
1363 2277 1515 2316 Christi

298 2386 309 2403 ¹
323 2387 514 2417 uocabatur
528 2386 564 2417 C.
644 2384 655 2401 ²
671 2386 842 2425 adgebrin
854 2385 889 2416 C.
904 2384 945 2416 ΒΞ
960 2385 1010 2423 (as
1027 2394 1069 2414 an
1083 2385 1284 2421 alternative).
1356 2384 1367 2401 3
1385 2385 1515 2414 sualwa

256 2439 294 2471 C.
345 2439 356 2456 ¹
378 2450 405 2470 v.
419 2442 501 2470 note
518 2439 538 2479 ⁵,
554 2448 587 2478 p.
605 2448 675 2476 113.
732 2439 744 2456 ⁵
768 2438 911 2477 thryth-
924 2438 964 2469 B.
977 2437 1012 2468 C.
1058 2438 1069 2455 ⁶
1092 2439 1145 2468 est
1161 2439 1241 2475 ctfter
1256 2437 1394 2468 Elmete
1412 2437 1449 2468 C.
1462 2437 1514 2467 ΒΩ.

255 2490 266 2508 ⁷
290 2492 476 2531 susciperit
492 2491 552 2522 Ml.
652 2490 663 2507 ⁸
686 2490 841 2521 eduuine
853 2490 877 2520 C
895 2500 902 2528 3
926 2489 1051 2520 eduini
1068 2490 1106 2520 Β.
1210 2489 1221 2506 ⁹
1244 2489 1458 2529 eorpuualdo
1476 2489 1513 2527 C,

256 2543 321 2570 and
331 2551 364 2571 so
379 2544 557 2578 throuylzout
572 2543 618 2571 the
633 2543 763 2578 chapter.
907 2537 932 2555 ¹⁰
956 2539 1143 2569 reduualdi
1162 2540 1197 2579 C,
1212 2542 1276 2570 and
1291 2549 1322 2569 so
1338 2541 1517 2577 tlzrouyhout

258 2595 303 2623 the
318 2595 446 2629 chapter.

859 2659 916 2685 12

1533 418 1719 447 XVholesale

1534 459 1707 493 Baptisms.

1539 2093 1737 2121 Conversion

1538 2133 1574 2159 of
1585 2133 1686 2167 Earp-

1539 2172 1635 2206 wald,
1653 2171 1744 2207 King

1540 2213 1576 2239 of
1586 2212 1642 2239 the
1658 2211 1737 2239 East

1540 2251 1670 2286 Angles.
