1803 2887
66 723 125 749 His

64 760 248 789 wonderful

64 801 230 835 humility.

294 150 374 189 156
644 149 695 189 H
697 148 852 190 [storia
883 148 1189 191 Ecclesvz'astica
1382 157 1466 198 [Lm.
1487 159 1546 190 111.

291 264 430 312 animi,
464 266 503 301 et
533 263 686 312 uultus,
723 266 762 302 et
794 266 1036 303 meritorum
1069 265 1314 314 dignitatem
1341 264 1391 303 ab
1421 265 1549 303 omni-

292 329 369 367 bus
408 329 654 378 diligeretur,
688 331 728 367 et
767 330 948 379 undique
986 331 1035 368 ad
1074 331 1161 368 eius
1190 330 1468 368 ministerium
1499 331 1549 368 de

294 395 453 432 cunctis
473 408 599 444 prope
620 395 844 444 prouinciis
864 395 944 433 uiri
965 395 1089 433 etiam
1116 395 1366 433 nobilissimi
1387 409 1550 433 concur-

292 462 437 499 rerent.
499 460 625 498 Cuius
645 460 751 498 inter
770 462 923 498 ceteras
944 459 1133 498 uirtutis1
1165 463 1204 498 et
1233 461 1468 509 modestiae,
1493 462 1544 508 et,

292 528 338 563 ut
376 526 434 563 ita
471 525 614 573 dicam,
658 526 843 574 specialis
886 526 1184 564 benedictionis
1228 526 1378 575 glorias
1424 526 1549 564 etiam

292 590 471 628 maxima
490 591 616 628 fuisse
636 591 767 629 fertur
785 591 1010 639 humilitas,
1034 593 1081 629 ut
1100 605 1183 629 uno
1203 591 1372 640 probare
1392 593 1454 629 sat
1475 590 1551 629 erit

293 656 491 705 exemplo.

347 722 583 759 Donauerat
621 735 773 771 equum
813 722 1017 772 optimum
1055 723 1233 761 antistiti
1270 721 1468 770 Aidan02‚
1506 722 1550 759 in

292 800 371 836 quo
392 787 472 835 ille,
493 788 684 836 quamuis
703 788 914 826 ambulare
934 789 1090 836 solitus,
1110 789 1178 826 uel
1194 788 1381 826 amnium
1396 788 1553 826 fluenta

291 852 475 900 transire,
518 853 586 890 uel
624 853 659 891 si
697 853 777 891 alia
816 854 1021 903 quaelibet
1064 854 1285 891 necessitas
1326 853 1548 901 insisteret,

292 918 403 956 uiam
422 932 614 968 peragere
628 918 639 937 ³
660 920 806 968 posset.
860 919 935 957 Cui
957 932 1051 956 cum
1074 933 1200 968 paruo
1220 919 1435 956 interiecto
1454 920 1554 956 tem-

292 998 388 1033 pore
414 982 417 1035 Ῑ
444 998 597 1033 pauper
628 984 796 1033 quidam
830 987 1058 1022 occurreret
1092 985 1364 1034 elimosynam
1394 985 1549 1033 petens,

294 1050 489 1087 desiliens
509 1050 578 1087 ille
598 1050 801 1099 praecepit
825 1063 988 1098 equum,
1013 1050 1071 1088 ita
1091 1052 1137 1088 ut
1164 1052 1249 1088 erat
1270 1052 1425 1087 stratus
1448 1062 1555 1099 rega-

294 1115 398 1163 liter,
429 1115 597 1164 pauperi
624 1115 737 1163 dari;
776 1118 860 1153 erat
890 1115 1003 1152 enim
1035 1115 1216 1153 multum
1241 1115 1481 1162 misericors,
1514 1116 1555 1152 et-

296 1181 428 1218 cultor
442 1194 678 1230 pauperum,
703 1194 748 1218 ac
768 1180 884 1218 uelut
904 1183 1018 1230 pater
1038 1181 1294 1219 miserorum.
1347 1180 1438 1218 Hoc
1459 1192 1554 1217 cum

295 1246 381 1295 regi
396 1247 502 1284 esset
517 1246 704 1294 relatum,
718 1245 877 1283 dicebat
892 1245 1091 1294 episcopo,
1103 1259 1197 1283 cum
1213 1246 1317 1284 forte
1332 1244 1556 1295 ingressuri

295 1314 432 1349 essent
451 1312 501 1349 ad
522 1311 743 1360 prandium
761 1326 770 1350 :
809 1311 938 1359 ‘Quid
959 1311 1139 1359 uoluisti,
1171 1311 1340 1348 domine
1367 1310 1551 1358 antistes,

295 1390 449 1426 equum
470 1376 639 1426 regium,
665 1390 788 1425 quem
808 1378 849 1414 te
869 1376 1136 1414 conueniebat
1156 1376 1367 1425 proprium
1390 1375 1550 1424 habere,

294 1443 464 1492 pauperi
483 1443 611 1480 dare?
653 1441 868 1491 Numquid
890 1455 974 1479 non
994 1441 1216 1479 habuimus
1240 1454 1364 1491 equos
1387 1441 1554 1479 uiliores

294 1508 505 1557 plurimos,
539 1508 606 1546 uel
635 1507 735 1545 alias
768 1507 931 1556 species,
970 1521 1072 1556 quae
1103 1508 1150 1545 ad
1186 1520 1410 1556 pauperum
1449 1507 1556 1544 dona

295 1574 540 1619 sufficerent,
567 1573 757 1622 quamuis
776 1573 897 1610 illum
917 1573 975 1610 eis
995 1586 1149 1621 equum
1175 1586 1260 1610 non
1281 1572 1407 1620 dares,
1432 1584 1555 1621 quem

296 1639 373 1677 tibi
402 1639 631 1688 specialiter
658 1639 955 1688 possidendum
985 1638 1146 1688 elegi?’
1202 1638 1278 1676 Cui
1307 1638 1447 1676 statim
1477 1637 1555 1687 epi-

297 1718 469 1754 scopus:
522 1704 651 1753 ‘Quid
690 1704 896 1753 loqueris,’
932 1704 1079 1754 inquit,
1127 1705 1251 1742 ‘rex‘?
1317 1703 1556 1752 Numquid⁴

298 1770 374 1808 tibi
395 1770 524 1808 carior
547 1772 610 1808 est
634 1770 703 1807 ille
728 1770 840 1808 filius
866 1783 1002 1819 equae,
1033 1783 1157 1819 quain
1184 1770 1253 1807 ille
1280 1770 1392 1808 filius
1421 1769 1556 1807 Dei‘?'

298 1836 457 1884 Quibus
477 1836 598 1874 dictis
618 1836 828 1874 intrabant
848 1836 898 1874 ad
918 1835 1218 1885 prandendum.
1272 1836 1326 1873 Et
1346 1835 1558 1884 episcopus

298 1902 465 1951 quidem
504 1902 706 1939 residebat
745 1902 790 1940 in
830 1915 902 1939 suo
935 1901 1034 1940 loco.
1106 1901 1235 1939 Porro
1270 1914 1351 1948 rex,
1389 1902 1558 1938 uenerat

298 1967 412 2004 enim
441 1967 490 2004 de
519 1969 685 2015 uenatu,
717 1967 850 2016 coepit
880 1966 1107 2005 consistens
1136 1967 1186 2005 ad
1216 1967 1354 2004 focum
1383 1965 1559 2003 calefieri

298 2046 395 2070 cum
420 2032 650 2081 ministris;
689 2035 729 2071 et
756 2035 922 2082 repente
949 2033 1058 2070 inter
1087 2032 1405 2070 calefaciendum
1433 2044 1559 2069 recor-

299 2098 401 2136 dans
434 2099 619 2146 uerbum,
654 2098 761 2148 quod
796 2099 954 2136 dixerat
982 2098 1045 2135 illi
1078 2098 1262 2146 antistes,
1296 2097 1487 2134 discinxit
1516 2109 1559 2134 se

298 2163 434 2213 gladio
454 2177 538 2213 suo,
557 2166 597 2202 et
614 2164 726 2202 dedit
742 2164 862 2201 illuni
876 2163 1078 2211 ministro,
1095 2163 1354 2212 festinusque
1365 2163 1560 2200 accedens

299 2231 396 2268 ante
415 2230 539 2278 pedes
559 2229 736 2279 episcopi
763 2229 932 2277 conruit,
956 2228 1180 2278 postulans,
1205 2230 1251 2266 ut
1277 2227 1356 2265 sibi
1378 2227 1559 2276 placatus

300 2297 418 2343 esset,
440 2298 448 2314 ‘
462 2295 556 2344 quia
576 2296 833 2344 numquam,’
849 2295 996 2344 inquit,
1018 2294 1222 2342 ‘deinceps
1241 2293 1396 2343 aliquid
1416 2293 1559 2342 loquar

301 2362 351 2399 de
384 2361 461 2398 hoc
491 2363 561 2399 aut
593 2360 790 2408 iudicabo,
830 2360 928 2409 quid
962 2360 1030 2398 uel
1070 2361 1271 2409 quantum
1305 2359 1355 2397 de
1385 2358 1559 2408 pecunia

300 2427 439 2463 nostra
476 2426 575 2464 filiis
612 2426 690 2465 Dei
727 2426 909 2465 tribuas.’
984 2425 1101 2473 Quod
1140 2425 1288 2462 uidens
1330 2423 1553 2473 episcopus,

344 2524 353 2541 ¹
377 2526 444 2555 -tes
461 2524 496 2556 C.
632 2524 644 2542 ²
667 2525 795 2556 aidono
810 2525 853 2556 N.
971 2523 982 2540 ²³
1005 2534 1190 2564 peragrare
1207 2523 1252 2555 M.
1372 2522 1383 2540 4
1407 2532 1495 2553 num
1511 2521 1558 2561 G;

299 2586 382 2607 nam
399 2577 443 2608 N.

1577 993 1598 1021 f.
1617 1002 1652 1029 54
1667 994 1694 1021 b.

1581 1971 1621 2000 cf.
1640 1971 1708 1999 1011.

1580 2011 1668 2039 xviii.
1690 2012 1728 2038 18.
