1803 2887
265 167 320 206 ΞΟ
623 162 833 204 Historia
864 158 1169 202 Ecclesiastica
1391 163 1518 204 [11131.

263 281 490 330 gaudenter
528 279 693 317 ferebat.
753 279 812 316 At
850 277 921 315 ubi
957 276 1079 314 iudex
1117 275 1237 312 illum
1251 273 1261 293 ¹
1304 271 1522 310 tormentis

263 345 455 395 superari,
473 345 540 382 uel
559 358 582 382 a
601 344 714 382 cultu
736 343 988 381 Christianae
1008 339 1220 390 religionis
1240 337 1419 376 reuocari
1439 350 1524 375 non

263 424 380 460 posse
400 410 612 459 persensit,
638 408 766 458 capite
786 421 882 445 eum
901 407 1022 456 plecti
1041 406 1170 444 iussit.

318 476 504 524 Cumque
533 475 581 512 ad
609 476 785 511 mortem
814 473 1039 518 duceretur,
1063 470 1252 520 peruenit
1280 469 1330 507 ad
1350 468 1518 515 flumen,

263 541 371 590 quod
394 554 512 578 muro
533 542 572 577 et
593 540 753 585 harena,
778 538 850 576 ubi
872 538 1082 575 feriendus
1109 538 1203 583 erat,
1228 537 1368 573 meatu
1395 532 1399 584 ἱ
1425 533 1523 582 rapi·
1559 541 1566 567 ’.
1614 550 1639 566 ·.

263 605 432 643 dissimo
445 605 723 651 diuidel.)atur;
748 604 934 653 uiditque
949 603 1006 640 ibi
1022 616 1104 640 non
1120 614 1288 650 paruam
1304 599 1523 637 hominum

264 671 579 709 multitudinem
608 670 820 719 utriusque
850 682 980 715 sexus,
1005 666 1252 705 condicionis
1275 665 1459 703 diuersae
1485 665 1524 702 et

265 736 418 783 aetatis,
454 749 556 784 quae
586 735 673 773 sine
703 735 826 773 dubio
855 732 1082 772 diuinitatis
1111 732 1313 769 instinctu
1339 730 1389 768 ad
1418 729 1527 768 obse·

266 801 409 850 quium
429 801 655 839 beatissimi
676 800 920 838 confessoris
940 810 984 836 ac
1009 797 1203 847 martyris
1223 796 1454 842 uocabatur,
1485 796 1525 832 et

265 866 323 904 ita
351 866 538 904 fluminis
567 867 695 915 ipsius
727 865 946 914 occupabat
976 865 1157 913 pontem,
1195 861 1266 900 ut'2
1300 861 1409 898 intra
1441 873 1526 898 ues-

265 945 404 981 peram
453 932 628 970 transire
666 932 736 969 uix
775 932 923 980 posset.
999 928 1186 977 Denique
1228 925 1385 965 cunctis
1421 939 1526 975 pene

266 997 447 1047 egressis,
489 997 612 1035 iudex
643 997 731 1035 sine
766 995 960 1045 obsequio
995 995 1037 1032 in
1073 993 1238 1032 ciuitate
1272 991 1521 1030 substiterat.

266 1063 401 1112 Igitur
438 1065 606 1101 sanctus
642 1063 845 1109 Albanus,
890 1061 955 1098 cui
993 1061 1140 1098 ardens
1186 1059 1318 1097 inerat
1363 1056 1526 1095 deuotio

266 1128 421 1166 mentis
458 1129 508 1166 ad
550 1128 798 1176 martyrium
837 1127 948 1164 ocius
992 1126 1216 1175 peruenire,
1259 1123 1427 1162 accessit
1476 1122 1526 1159 ad

266 1196 505 1236 torrentem,
529 1195 569 1231 et
600 1193 781 1242 dirigens
811 1193 860 1230 ad
888 1192 1044 1229 caelum
1071 1191 1218 1238 oculos,
1243 1190 1352 1227 illico
1381 1189 1527 1226 siccato

266 1259 393 1307 alueo,
436 1259 542 1296 uidit
585 1259 739 1296 undam
783 1257 868 1296 suis
912 1257 1077 1295 cessisse
1127 1270 1172 1294 ac
1209 1256 1321 1294 uiam
1370 1254 1528 1293 dedisse

265 1324 461 1373 uestigiis.
524 1324 641 1372 Quod
671 1337 765 1375 cum
795 1324 904 1361 inter
933 1324 1034 1361 alios
1063 1323 1187 1361 etiam
1215 1322 1302 1371 ipse
1333 1319 1522 1365 carnifex,

268 1390 339 1439 qui
373 1404 468 1427 011111
498 1402 763 1438 percussurus
793 1391 886 1437 erat,
921 1389 1102 1435 uidisset,
1135 1387 1347 1426 festinauit
1376 1386 1422 1434 ei,
1457 1384 1529 1422 ubi

267 1457 317 1494 ad
345 1457 481 1493 locum
502 1455 773 1494 destinatum²³
794 1456 919 1493 morti
939 1456 1118 1502 uenerat,
1143 1467 1360 1501 occurrere,
1386 1452 1527 1491 diuino

269 1521 469 1559 nimirum
493 1521 730 1559 admonitus
750 1521 962 1567 instinctu,
988 1519 1247 1569 proiectoque
1272 1532 1379 1567 ense,
1404 1531 1526 1567 quem

268 1589 459 1625 strictum
489 1588 689 1634 tenuerat,
723 1586 894 1635 pedibus
928 1586 1014 1623 eius
1049 1585 1322 1632 aduoluitur4,
1346 1584 1527 1622 multum

270 1653 517 1700 desiderans,
550 1654 596 1689 ut
625 1666 718 1689 cum
753 1654 944 1701 martyre,
976 1652 1042 1689 uel
1073 1665 1145 1700 pro
1176 1652 1365 1700 martyre,
1404 1662 1527 1699 quem

269 1720 481 1767 percutere
510 1717 734 1765 iubebatur,
769 1717 855 1766 ipse
884 1717 1021 1766 potius
1050 1718 1275 1754 mereretur
1301 1715 1469 1765 percuti.

326 1785 437 1821 Dum
476 1796 569 1832 ergo
612 1783 647 1820 is
686 1796 734 1821 ex
772 1785 1030 1832 persecutore
1068 1782 1200 1820 factus
1233 1783 1338 1819 esset
1377 1781 1530 1831 collega

271 1849 457 1887 ueritatis
478 1851 518 1886 et
538 1849 644 1897 fidei,
670 1862 714 1886 ac
741 1849 897 1886 iacente
916 1849 1023 1886 ferro
1053 1850 1160 1885 esset
1186 1848 1294 1885 inter
1321 1847 1529 1885 carnifices

270 1915 378 1953 iusta
415 1914 631 1962 cunctatio,
669 1916 855 1952 montem
888 1928 979 1952 cum
1015 1914 1147 1952 turbis
1177 1913 1531 1951 reuerentissimus

271 1980 348 2017 Dei
382 1980 587 2017 confessor
619 1979 826 2027 ascendit3
865 1979 936 2029 qui
970 1981 1169 2028 oportune
1203 1979 1333 2016 laetus
1348 1977 1371 2027 ⁵,
1404 1978 1532 2027 gratia

272 2045 569 2092 decentissima,
595 2045 834 2094 quingentis
853 2045 937 2082 fere
957 2044 1143 2093 passibus
1161 2044 1211 2083 ab
1231 2044 1383 2082 harena
1395 2045 1407 2063 ⁶
1427 2044 1531 2082 situs

272 2112 343 2158 est,
386 2110 510 2148 uariis
543 2110 762 2148 herbarum
796 2110 963 2148 fioribus
1002 2110 1195 2159 depictus,
1238 2110 1367 2147 immo
1400 2122 1530 2158 usque

273 2189 433 2225 quaque
461 2175 663 2223 uestitus3
700 2175 744 2213 in
774 2189 853 2225 quo
882 2175 988 2212 nihil
1016 2178 1183 2224 repente
1211 2176 1395 2223 arduum,
1424 2175 1529 2212 nihil

272 2255 475 2290 praeceps,
493 2241 599 2278 nihil
620 2241 851 2290 abruptum,
870 2254 993 2289 quem
1014 2241 1208 2279 lateribus
1227 2241 1350 2290 longe
1370 2241 1530 2291 lateque

273 2307 496 2344 deductum
513 2306 557 2343 in
571 2306 742 2343 modum
757 2305 944 2355 aequoris
957 2307 1102 2344 natura
1117 2307 1345 2355 conplanat,
1359 2307 1529 2356 dignum

274 2371 465 2409 uidelicet
500 2385 606 2419 eum,
644 2385 717 2420 pro
746 2371 870 2409 insita
899 2371 977 2409 sibi
1010 2371 1140 2420 specie
1173 2371 1415 2419 uenustatis,
1448 2371 1530 2410 iam

275 2437 374 2474 olim
413 2437 597 2484 reddens,
640 2437 711 2486 qui
748 2436 857 2474 beati
903 2436 1097 2485 martyris
1135 2450 1275 2474 cruore
1313 2437 1525 2475 dicaretur.

320 2530 329 2547 ¹
352 2522 455 2560 illum
472 2541 528 2560 om.
549 2530 617 2568 M¹3
642 2532 746 2561 torm.
765 2530 867 2560 illum
884 2529 945 2561 M2.
1067 2530 1078 2547 2
1101 2532 1135 2560 et
1151 2529 1209 2561 M1.
1346 2530 1358 2548 ³
1382 2530 1469 2561 dist-
1485 2531 1530 2561 M.

276 2582 286 2599 4
311 2582 519 2613 aduoluitur
535 2593 590 2613 om.
610 2583 649 2614 B.
752 2582 764 2600 ⁵
789 2583 899 2613 lectus
916 2583 959 2614 N.
1060 2583 1071 2601 ⁶
1095 2583 1226 2613 herena
1243 2581 1301 2613 Ml.
