1803 2887
259 161 314 200 86
618 158 826 200 Historia
856 158 1160 201 Ecclesiastica
1368 166 1452 207 [Lm.
1472 170 1512 200 11.

30 279 136 307 Death
152 277 188 323 qs
313 274 544 313 Defunctus
565 276 626 312 est
646 276 785 312 autem
804 275 890 312 Deo
911 274 1084 313 dilectus
1102 276 1218 324 pater
1237 274 1510 323 Augustinus,

30 319 222 354 Augustum.
259 342 299 378 et
324 340 507 389 positum
529 353 673 389 corpus
693 340 779 378 eius
806 340 913 378 foras
936 340 1050 378 iuxta
1070 339 1283 378 ecclesiam
1302 339 1516 378 beatorum

258 406 537 455 apostolorum
565 405 679 443 Petri
708 407 748 443 et
777 406 908 454 Pauli,
939 406 1054 443 cuius
1083 418 1204 454 supra
1232 405 1512 454 meminimus,

259 472 354 520 quia
380 471 557 508 necdum
584 471 718 508 fuerat
743 471 921 520 perfecta
944 484 1018 508 nec
1044 470 1236 508 dedicata.
1294 471 1390 508 Mox
1419 484 1516 508 uero

258 539 304 574 ut
344 536 526 574 dedicata
565 538 635 583 est,
673 537 783 574 intro
821 537 1008 584 inlatum7
1044 538 1085 574 et
1124 536 1168 573 in
1205 536 1365 585 porticu
1403 535 1518 573 illius

259 602 485 650 aquilonali
519 602 708 640 decenter
739 603 949 651 sepultum
984 603 1072 648 est3
1111 601 1154 638 in
1189 615 1269 650 qua
1303 601 1429 638 etiam
1463 614 1518 639 se-

261 667 478 716 quentium
525 667 921 716 archiepiscoporum
969 667 1157 704 omnium
1206 668 1303 704 sunt
1351 680 1518 715 corpora

259 733 463 771 tumulata
482 735 640 782 praeter
660 734 836 771 duorum
856 733 1157 780 tantummodo,
1176 732 1217 770 id
1238 734 1300 769 est
1315 732 1518 771 Theodori

261 800 301 836 et
322 797 592 845 Berctualdi¹‚
619 813 794 848 quorum
817 799 1007 847 corpora2
1028 798 1070 835 in
1092 798 1180 847 ipsa
1200 798 1367 836 ecclesia
1385 798 1519 846 posita

258 864 387 911 suntss,
407 877 452 901 eo
469 865 576 913 quod
596 865 801 914 praedicta
820 864 998 913 porticus
1017 864 1136 913 plura
1152 878 1293 913 capere
1313 863 1513 913 nequiuit.

260 929 398 967 Habet
428 930 525 967 haec
552 930 596 967 in
623 930 756 968 medio
785 944 890 979 pene
912 930 975 967 sui
1000 931 1126 967 altare
1155 929 1199 967 in
1225 930 1381 967 honore
1409 929 1519 967 beati

259 1008 387 1044 papae
411 995 597 1044 Gregorii
623 995 866 1044 dedicat-um,
892 995 935 1032 in
958 1009 1036 1044 quo
1060 1008 1132 1043 per
1151 1007 1273 1032 omne
1303 995 1519 1032 sabbatum

258 1073 282 1097 a
320 1061 558 1109 presbytero
596 1061 675 1099 loci
713 1061 825 1098 illius
863 1061 1042 1110 agendae
1080 1074 1221 1098 eorum
1263 1059 1519 1097 sollemniter

261 1126 527 1163 celebrantur.
589 1126 797 1175 Scriptum
831 1140 927 1164 uero
961 1128 1021 1164 est
1060 1126 1103 1163 in
1134 1126 1300 1163 tumba³
1338 1125 1520 1163 eiusdem

261 1191 487 1240 Augustini
525 1191 780 1240 epitaphium
828 1192 1094 1230 huiusmodi:
1148 1191 1253 1229 ‘Hic
1301 1191 1518 1240 requiescit

262 1257 440 1294 domnus
486 1258 748 1306 Augustinus
795 1257 1151 1295 Doruuernensis5
1194 1256 1521 1305 archiepiscopus

261 1322 429 1370 primus,
455 1321 526 1370 qui
553 1322 652 1359 olim
680 1323 759 1360 huc
780 1336 802 1361 a
821 1323 938 1360 beato
960 1322 1155 1372 Gregorio
1176 1323 1382 1360 Romanae
1407 1320 1521 1359 urbis

262 1387 455 1437 pontifice
489 1387 677 1435 directus,
713 1394 753 1425 et
783 1402 805 1426 a
835 1389 921 1426 Deo
957 1389 1189 1438 operatione
1228 1388 1522 1425 miraculorum

262 1453 470 1500 suffultus,
503 1453 841 1491 Aedilbertcum⁶
874 1467 1013 1503 regem
1047 1467 1091 1491 ac
1125 1456 1292 1503 gentem
1325 1453 1438 1491 illius
1471 1453 1522 1491 ab

264 1518 468 1556 idolorum
499 1519 612 1556 cultu
632 1520 681 1556 ad
709 1519 859 1557 Christi
887 1519 1012 1557 fidem
1035 1519 1236 1568 perduxit,
1262 1521 1302 1557 et
1322 1519 1522 1568 conpletis
1546 1525 1584 1554 cf.
1604 1526 1678 1554 Luc.
1694 1525 1713 1553 i.

264 1583 309 1621 in
338 1597 436 1633 pace
462 1585 606 1622 diebus
634 1585 754 1623 officii
784 1586 857 1634 sui,
883 1586 1101 1624 defunctus
1122 1588 1183 1624 est
1203 1586 1291 1624 VII
1314 1586 1523 1625 Kalendas
1545 1575 1583 1600 ²3'

265 1649 418 1697 Iunias7
444 1650 588 1688 eodem
608 1664 701 1699 rege
722 1652 945 1700 regnante.'

782 1805 900 1844 CAP.
935 1805 1006 1845 IV.

270 1910 306 1938 Ut
331 1910 517 1938 Laurentius
541 1919 610 1938 cum
637 1908 834 1946 coepiscopis-⁷
856 1912 923 1939 suis
945 1913 1054 1940 Scotto-3
1076 1914 1226 1941 mutarem
1250 1915 1372 1942 sanctae
1393 1914 1527 1942 ecclesiae

309 1963 444 1990 mamma
460 1963 495 1990 in
504 1964 621 1997 pascha
637 1963 823 1991 obsermmdo
839 1965 924 1998 sequi
940 1965 1102 2001 monuerit,
1115 1967 1141 1993 et
1156 1967 1190 1993 ut
1204 1966 1337 1994 Mellz'tzcs
1352 1966 1484 1994 Romam

830 2017 958 2047 uenerit.

39 2113 231 2158 Suco-assion
323 2102 544 2140 SUCCESSIT
583 2103 820 2152 Augustino
867 2103 911 2141 in
950 2104 1228 2155 episcopatum
1266 2106 1523 2154 Laurentius,

40 2152 231 2220 ffugi-auren—
269 2181 392 2216 quem
431 2168 518 2218 ipse
551 2169 700 2207 idcirco
734 2170 866 2208 adhuc
896 2171 1043 2208 uiuens
1077 2172 1348 2221 ordinauerat,
1384 2186 1447 2221 ne,
1486 2186 1528 2211 se

270 2233 475 2279 defuncto,
517 2236 648 2273 status
687 2236 879 2274 ecclesiae
917 2238 1002 2274 tam
1046 2237 1159 2276 rudis
1197 2239 1264 2276 uel
1294 2239 1342 2276 ad
1385 2239 1527 2276 horam

269 2301 429 2347 pastore
461 2300 685 2338 destitutus
715 2301 906 2339 uacillare
935 2302 1142 2351 inciperet.
1205 2304 1258 2341 In
1287 2317 1367 2353 quo
1398 2306 1438 2342 et
1467 2317 1530 2342 ex-

270 2365 454 2413 emplum
488 2366 732 2415 sequebatur
764 2367 889 2416 primi
919 2368 1095 2416 pastoris
1124 2369 1322 2418 ecclesiae,
1358 2370 1433 2407 hoc
1466 2372 1528 2407 est

309 2470 318 2487 ¹
343 2474 547 2504 bei-litualdi
566 2474 603 2506 Ο1
621 2486 628 2513 ;
652 2476 788 2506 —uualdi
806 2476 856 2506 0².
954 2476 965 2493 ²
987 2486 1131 2516 corpora
1147 2488 1204 2508 om.
1221 2478 1265 2508 M.
1286 2479 1320 2509 C.
1339 2479 1379 2510 B.
1397 2479 1455 2518 H1.
1471 2479 1526 2511 W.

302 2536 375 2556 non
392 2528 476 2556 sunt
494 2526 550 2563 Hl.
655 2528 666 2544 ‘¹
691 2529 814 2559 tumbo
832 2527 889 2558 M1.
1035 2530 1046 2547 ⁵
1068 2529 1228 2560 dorouer-
1245 2531 1285 2561 B.
1389 2530 1401 2548 ⁶
1423 2532 1527 2562 aeoil-

267 2581 434 2611 berhtum
452 2581 488 2612 C.
638 2579 650 2597 ⁷
673 2583 845 2622 episcopis
862 2583 904 2613 N.
921 2592 972 2613 co·
989 2585 1117 2613 inserted
1134 2586 1220 2614 abore
1237 2587 1282 2615 tlze
1298 2586 1358 2615 line
1373 2586 1408 2615 in
1425 2585 1470 2615 M.
1484 2585 1527 2616 B.

266 2525 277 2542 3
