1803 2887
259 175 338 208 cst.
355 173 414 214 x.]
655 166 806 209 Gentis
837 167 1106 222 Anylorum.
1433 172 1513 211 103

119 286 138 314 f.
156 295 188 323 35
203 287 231 319 b.
257 281 483 328 tradidistis,
512 282 669 320 colentes
696 283 913 330 sequimini,
945 283 1091 321 iudicio
1120 284 1278 322 discreto
1303 281 1308 334 Ι
1334 286 1516 332 repperire

256 358 333 384 non
343 358 560 393 possumus.

316 412 426 449 Unde
445 414 585 458 oportet
602 423 680 458 uos,
697 415 864 459 suscepto
882 413 992 460 sissno
1006 416 1161 451 sanctae
1180 415 1310 462 erucis,
1325 427 1399 462 per
1415 416 1515 462 quod

254 477 468 514 humanum
501 488 622 524 yenus
656 477 868 514 redemtum
909 481 972 524 est,
1015 480 1264 517 execrandam
1308 481 1515 518 diabolicae

252 543 444 580 uersutiae
470 543 824 589 simplantationem,
858 544 925 590 qui
949 544 1108 582 diuinae
1134 545 1316 583 bonitatis
1340 546 1514 592 ‹meribus

251 609 414 645 inuidus
439 608 682 654 aemulusque
705 609 886 656 consistit,
912 621 936 646 a
958 609 1134 646 cordibus
1157 611 1297 648 uestris
1326 611 1470 648 abicere
1486 609 1508 658 ¹,

253 672 498 720 iniectisque²
527 674 708 711 manibus
736 674 812 720 hos,
837 686 929 721 Quos
955 677 1111 712 eatenus
1139 677 1323 713 materiae
1351 687 1513 724 conpaqe

248 739 357 775 uobis
376 739 462 776 deos
472 739 708 785 fabricastis,
734 739 1028 787 confrinycndos
1048 740 1389 788 dimiincendosque
1408 753 1511 778 sum-

250 815 396 851 mopere
412 807 624 851 procurate.
675 805 771 852 Ipsa
798 806 900 843 enim
926 817 1056 842 eorum
1082 806 1278 843 dissolutio
1304 807 1511 853 corruptio-

249 881 329 917 que,
381 882 476 917 quac
521 882 733 918 numquam
779 871 976 908 uiuentem
1023 871 1203 917 spiritum
1248 871 1391 919 habuit,
1443 883 1512 910 ncc

248 936 537 973 sensibilitatem
576 948 599 973 a
635 937 717 973 suis
752 936 969 982 factoribus
1002 937 1133 983 potuit
1172 937 1334 984 quolibet
1373 937 1509 974 modo³

249 1001 443 1047 suscipere,
477 1002 586 1039 uobis
605 1004 785 1048 patenter
807 1003 988 1048 insinuet,
1019 1013 1135 1049 quam
1160 1002 1260 1039 nihil
1289 1005 1380 1049 erat,
1410 1002 1511 1049 quod

249 1069 405 1104 eatenus
423 1067 598 1104 colebatis
611 1080 623 1113 ,·
641 1067 747 1104 dum
757 1068 927 1114 profecto
948 1068 1120 1105 meliores
1144 1079 1222 1114 uos,
1247 1068 1313 1115 qui
1331 1069 1510 1114 spiritum

247 1133 444 1170 uiuentem
485 1144 509 1170 a
544 1134 714 1170 Domino
742 1133 963 1180 percepistis
974 1133 998 1180 ⁴,
1041 1145 1172 1170 eorum
1212 1134 1509 1171 constructioni5

246 1198 499 1236 nihilomiuus
530 1199 725 1244 existatis;
755 1199 889 1246 quippe
925 1211 1018 1246 quos
1052 1200 1162 1237 Deus
1198 1200 1434 1247 omnipotens
1466 1215 1510 1240 ea:

237 1265 362 1311 primi
389 1265 563 1311 hominis,
596 1276 707 1311 quem
724 1265 950 1311 plasmauit,
983 1266 1213 1312 eoynatione,
1249 1266 1420 1304 deductis
1435 1280 1510 1314 per

246 1331 398 1367 saecula
417 1331 763 1368 innumerabilibus
776 1331 1064 1378 propayinibus,
1080 1331 1275 1378 pullulare
1297 1333 1502 1372 constituit.

244 1394 425 1433 Accedite
453 1408 536 1444 erqo
562 1396 614 1433 ad
637 1397 870 1444 aynitionem
897 1397 987 1443 eius,
1011 1397 1078 1443 qui
1098 1408 1168 1434 uos
1190 1398 1343 1445 creauit,
1375 1399 1441 1445 qui
1463 1399 1506 1437 in

244 1462 354 1499 uobis
370 1463 476 1500 uitae
498 1462 714 1509 insufflauit
735 1463 923 1510 spiritum,
947 1463 1014 1509 qui
1026 1474 1101 1509 pro
1125 1465 1256 1500 uestra
1277 1463 1506 1502 redemtione

241 1527 392 1564 Filium
410 1539 525 1564 suum
543 1528 784 1575 unigenitum
803 1528 918 1574 misit,
942 1530 986 1564 ut
1004 1539 1074 1565 uos
1096 1528 1142 1566 ab
1163 1529 1342 1576 oriyi'nali
1352 1532 1506 1576 peccato

243 1593 410 1640 eriperet,
439 1595 473 1630 et
499 1596 639 1640 ereptos
665 1593 710 1630 cle
722 1595 909 1640 potestate
931 1594 1123 1640 nequitiae
1150 1594 1353 1632 diabolicae
1366 1595 1504 1641 praui-

243 1659 334 1696 tatis
353 1659 771 1705 caelestibuspraemiis
788 1661 1016 1696 muneraret.

297 1723 508 1770 Suscipite⁶
538 1725 655 1761 uerba
683 1724 1004 1771 praedicatorum,
1047 1728 1082 1762 ct
1125 1726 1369 1773 euanyelium
1411 1726 1499 1773 Dei,

242 1790 343 1836 quod
368 1790 475 1827 uobis
500 1790 762 1835 adnuntiant,·
791 1791 975 1837 quatinus
1002 1791 1201 1838 credentes,
1225 1791 1323 1828 sicut
1351 1792 1505 1838 saepius

244 1854 387 1892 dictum
412 1857 474 1902 est,
502 1856 542 1891 in
565 1855 694 1892 Deum
720 1855 877 1893 Patrem
906 1857 1207 1904 omnipotentem,
1240 1859 1274 1894 et
1299 1857 1343 1893 in
1367 1857 1503 1894 Iesum

242 1920 438 1958 Christum
463 1921 545 1958 eius
569 1921 730 1968 Filium,
756 1923 789 1958 et
814 1921 1004 1968 Spiritum
1029 1921 1223 1968 Sanctmn,
1252 1924 1286 1959 et
1310 1922 1503 1969 insepara-

240 1986 350 2023 bilem
371 1986 599 2023 Trinitatem
616 1999 628 2031 ,·
647 1986 802 2034 fuqatis
821 1987 1109 2024 daemoniormn
1127 1987 1312 2033 sensibus,
1338 1988 1503 2034 expulsa-

238 2061 310 2098 que
339 2063 363 2088 a
390 2052 500 2089 uobis
526 2052 790 2089 sollicitatione
822 2053 1004 2089 uenenosi
1043 2055 1077 2089 et
1110 2053 1340 2099 deceptibilis
1368 2053 1496 2100 hostis,

87 2132 126 2160 ef.
144 2132 213 2160 1011.
230 2127 304 2162 per
321 2128 462 2163 aquam
482 2120 516 2154 et
534 2117 723 2164 Spiritum
742 2117 929 2155 Sanctum
954 2119 1078 2155 renati
1097 2118 1141 2165 ei,
1166 2119 1227 2155 cui
1250 2118 1496 2165 credideritis,

89 2171 132 2199 ὦ·
148 2180 174 2206 5·
239 2182 281 2218 in
300 2183 492 2228 splendore
504 2183 648 2230 yloriae
666 2184 916 2230 sempiternae
931 2183 1152 2231 cohabitare,
1172 2184 1254 2221 eius
1268 2184 1477 2230 opitulante
1489 2183 1501 2202 ⁷

239 2249 505 2295 munificentia
523 2249 694 2286 ualeatis.

282 2368 294 2386 ²
318 2369 474 2399 abiecere
488 2368 545 2398 Ml.
560 2367 609 2399 0¹.
756 2367 767 2385 ²
790 2378 857 2407 que
869 2379 927 2399 om.
939 2368 986 2399 M.
1119 2368 1131 2386 ³
1155 2379 1223 2408 quo
1239 2370 1343 2400 modo
1360 2369 1445 2400 libet
1458 2370 1498 2400 B.

241 2420 253 2438 4
276 2421 426 2460 -cipistis
442 2420 488 2450 M.
599 2421 611 2439 ⁵
635 2430 693 2450 -ne
707 2420 765 2459 ΗΓ
877 2421 889 2439 5
912 2421 1080 2459 suscipite
1095 2431 1176 2460 ergo
1193 2421 1228 2452 C.
1247 2422 1289 2452 D.
1414 2421 1426 2438 ⁷
1449 2423 1498 2452 sic

240 2470 480 2510 O³O⁷O14021-2‚
508 2472 742 2511 opitulatione
769 2472 814 2504 M.
831 2472 867 2503 C.
885 2472 924 2503 B.
939 2473 997 2511 Hl.
1010 2472 1076 2504 ΧΨ.
1094 2473 1134 2513 D,
1159 2484 1203 2503 ειη
1227 2476 1341 2504 eiident
1359 2477 1495 2513 mis-take,

240 2527 335 2554 which
346 2524 391 2554 M.
406 2526 464 2554 has
479 2526 554 2554 tried
564 2527 589 2554 to
602 2527 693 2554 mend
703 2527 740 2561 by
750 2527 875 2562 cleletinq
887 2527 931 2555 the
944 2534 963 2555 a
974 2527 1009 2561 of
1019 2525 1266 2556 munificentia
1281 2536 1288 2564 3
1313 2529 1392 2557 other
1405 2529 1496 2557 MSS.

239 2578 312 2606 read
329 2576 561 2615 opitulatione
576 2578 611 2607 et
627 2576 884 2607 munificentia.
