1803 2887
241 147 319 177 CAP.
337 144 428 184 X11.]
638 137 791 180 Gentis
821 138 1091 193 Awgylorum.
1412 140 1494 179 303

241 249 357 297 Quod
387 249 454 298 ita,
478 252 525 288 ut
550 250 735 299 petierat,
763 251 969 300 inpletum
993 253 1065 299 est,
1090 264 1199 289 anno
1229 251 1279 289 ab
1310 251 1495 288 incarna-

240 314 352 352 tione
399 315 571 353 Domini
618 316 840 354 DCXOVI.
902 316 1128 354 Ordinatus
1169 318 1231 354 est
1270 318 1408 354 autem
1452 316 1497 353 in

240 379 408 418 ecclesia
445 382 605 418 sanctae
642 381 838 431 martyris
876 382 1057 429 Ceciliae,
1101 383 1166 420 die
1204 382 1354 420 natalis
1395 382 1493 428 eius,

240 445 418 494 inposito
452 446 531 483 sibi
567 459 590 484 a
627 459 732 496 papa
768 449 995 485 memorato
1033 448 1202 485 nomine
1241 446 1496 486 Clementis:

240 523 286 548 ac
319 524 416 548 mox
454 511 652 550 remissus
683 513 733 550 ad
773 513 912 550 sedem
950 510 1205 562 episcopatus
1242 513 1317 561 sui,
1356 512 1398 550 id
1437 514 1498 549 est

241 577 333 625 post
352 576 440 614 dies
460 578 609 623 XIIII,
635 591 683 615 ex
704 591 784 627 quo
804 578 848 615 in
868 578 1012 616 urbem
1033 580 1213 617 uenerat.

295 642 476 680 Donauit
510 645 649 680 autem
683 643 719 681 ei
751 643 905 692 Pippin
936 644 1073 681 locum
1104 644 1318 682 cathedrae
1352 642 1500 692 episco-
1524 651 1584 679 His
1598 652 1657 679 See
1672 653 1706 679 at

240 707 370 755 palis¹
401 708 445 745 in
474 708 639 746 castello
669 722 742 746 suo
766 709 943 756 inlustri,
973 711 1081 759 quod
1111 710 1280 758 antiquo
1312 709 1497 758 gentium
1524 691 1674 720 Utrecht.

241 772 410 810 illarum
436 773 561 812 uerbo
592 774 813 823 Uiltaburg
828 773 850 821 ²,
881 775 922 813 id
947 778 1010 813 est
1039 776 1247 824 Oppidum
1271 775 1492 821 Uiltorum,

241 838 383 888 lingua
403 841 542 877 autem
564 839 720 878 Gallica
740 841 972 878 Traiectum
1001 844 1170 879 uocatur
1188 856 1197 889 3
1227 841 1271 879 in
1298 855 1377 890 quo
1397 840 1500 878 aedi-

242 903 361 942 ficata
387 905 562 953 ecclesia,
588 906 948 945 reuerentissimus
976 907 1162 956 pontifex
1188 907 1310 956 longe
1336 907 1499 956 lateque

242 970 416 1007 uerbum
435 970 531 1008 fidei
547 971 792 1019 praedicans,
817 973 1053 1021 multosque
1068 973 1118 1010 ab
1134 986 1269 1010 errore
1289 985 1494 1013 reuocans.

241 1034 380 1084 plures
408 1049 482 1084 per
509 1036 601 1074 illas
630 1037 816 1086 regiones
845 1038 1043 1086 ecclesias,
1082 1038 1153 1076 sed
1184 1039 1223 1076 et
1252 1036 1501 1075 monasteria

50 1109 71 1138 f.
90 1118 139 1145 107
152 1110 181 1139 b.
243 1101 447 1138 nonnulla
466 1103 704 1140 construxit.
737 1102 740 1152 Ι
767 1103 874 1141 Nam
897 1117 983 1141 non
1006 1104 1140 1141 multo
1167 1105 1260 1152 post
1283 1103 1384 1141 alios
1408 1115 1502 1152 quo-

244 1180 323 1216 que
353 1167 439 1204 illis
470 1167 515 1205 in
550 1167 785 1217 regionibus
815 1169 902 1218 ipse
936 1169 1150 1207 constituit
1188 1168 1421 1207 antistites³
1453 1181 1501 1205 ex

245 1246 387 1270 eorum
407 1246 580 1271 numero
599 1233 784 1281 fratrum,
810 1235 881 1283 qui
900 1235 967 1272 uel
991 1248 1139 1282 secum,
1165 1235 1234 1273 uel
1253 1236 1346 1284 post
1367 1247 1408 1271 se
1429 1233 1501 1271 illo

244 1300 294 1337 ad
325 1300 643 1348 praedicandum
674 1303 899 1349 uenerant;
929 1315 978 1339 ex
1008 1300 1154 1349 quibus
1183 1300 1386 1350 aliquanti
1418 1299 1501 1336 iam

8 1372 9 1384 ³
50 1371 118 1399 cf-1
136 1371 206 1399 Cor·
243 1365 501 1405 dormierunt
528 1368 571 1405 in
597 1368 786 1406 Domino.
847 1368 943 1417 Ipse
969 1369 1107 1405 autem
1133 1366 1338 1413 Uilbrord,
1362 1378 1502 1414 cogno-

50 1419 100 1439 xv.
117 1411 142 1437 6'
245 1434 386 1470 mento
407 1433 607 1481 Clemens,
631 1434 763 1471 adhuc
784 1435 978 1482 superest,
1004 1432 1125 1481 longa
1144 1431 1227 1469 iam
1253 1431 1502 1469 uenerabilis

245 1499 384 1545 aetate,
428 1500 570 1547 utpote
607 1498 861 1537 tricesimum
899 1501 939 1536 et
985 1500 1149 1535 sextum
1186 1497 1231 1534 in
1269 1497 1500 1546 episcopatu

246 1563 401 1601 habens
433 1577 600 1612 annum,
639 1566 679 1602 et
710 1566 801 1613 post
832 1563 1084 1612 multiplices
1115 1562 1288 1600 militiae
1317 1561 1502 1600 caelestis

245 1642 395 1678 agones
415 1631 464 1668 ad
484 1630 665 1679 praemia
679 1629 1023 1669 remunerationis
1043 1641 1240 1679 supernae
1258 1630 1343 1666 tota
1364 1630 1503 1666 mente

246 1694 465 1744 suspirans.

747 1851 868 1891 CAP.
901 1851 1002 1890 XII.

251 1962 287 1990 Ut
302 1964 431 1997 quidam
448 1964 482 1991 in
492 1963 659 1997 prouincia
675 1962 1001 1996 Nordanhwnbrormn
1017 1970 1036 1989 α
1053 1960 1181 1988 mortuis
1196 1968 1356 1995 resumens
1368 1960 1465 1988 multa
1482 1962 1507 1988 et

444 2016 600 2043 tremenda
615 2017 641 2043 et
656 2015 867 2048 desideranda,
884 2023 960 2049 quae
977 2014 1104 2050 uiderat,
1124 2013 1312 2041 narrauerit.

302 2115 385 2154 His
426 2115 680 2165 temporibus
721 2115 970 2153 miraculum
1011 2112 1276 2151 memorabile
1319 2114 1359 2150 et
1405 2111 1506 2149 anti·
1531 2125 1732 2171 prythelm's

248 2195 423 2231 quorum
453 2181 587 2220 simile
615 2182 659 2219 in
688 2181 893 2220 Brittania
920 2180 1074 2218 factum
1104 2181 1175 2218 est.
1238 2179 1425 2227 Namque
1454 2178 1504 2215 ad
1529 2165 1698 2233 Esgsffiffgr

248 2247 536 2286 excitationem
583 2247 817 2285 uiuentium
862 2247 911 2284 de
954 2247 1087 2284 morte
1124 2244 1296 2292 animae,
1338 2244 1505 2293 quidam
1530 2245 1642 2272 world.

248 2313 485 2362 aliquandiu
519 2314 706 2351 mortuus
736 2313 786 2350 ad
817 2311 947 2350 uitam
981 2310 1204 2348 resurrexit
1242 2309 1428 2358 corporis,
1464 2311 1504 2347 et

249 2379 380 2416 multa
399 2380 626 2416 memoratu
639 2378 771 2427 digna,
792 2391 894 2427 quae
908 2377 1077 2423 uiderat,
1095 2376 1298 2422 narrauit;
1319 2388 1340 2412 e
1356 2374 1505 2424 quibus

249 2444 314 2482 hic
342 2444 478 2493 aliqua
505 2443 713 2481 breuiter‘1
736 2442 1048 2492 perstringenda
1075 2454 1162 2478 esse
1190 2440 1344 2490 putaui.
1406 2440 1505 2477 Erat

247 2574 256 2590 ¹
283 2573 346 2604 -les
363 2570 422 2604 M1.
488 2571 500 2588 ²
523 2572 554 2602 N
570 2574 683 2608 atfirst
696 2575 783 2602 wrote
796 2571 909 2602 uiltr-.
977 2571 987 2588 ³
1011 2571 1160 2601 antistes
1178 2570 1219 2601 N.
1307 2569 1319 2587 ⁴
1342 2570 1441 2600 breb-
1456 2569 1504 2601 Cl.
