1803 2887
35 252 218 287 Augustine

35 292 126 319 heals
141 300 161 318 a

35 331 126 358 blind
148 340 235 359 man.

31 1430 154 1457 Second

29 1470 231 1497 Conference.

264 127 319 167 82
625 125 836 167 Historia
866 123 1172 166 Ecelesiastica
1373 128 1460 169 [Lm.
1476 132 1526 162 11.»

261 243 411 292 aliquis
439 256 543 292 eger,
568 245 608 281 et
636 257 708 292 per
736 243 851 281 cuius
879 255 1016 292 preces
1043 242 1168 279 fuerit
1197 241 1369 287 curatus,
1394 238 1518 277 huius

262 308 363 346 fides
387 311 427 346 et
455 309 632 357 operatio
659 310 745 347 Deo
773 309 920 346 deuota
946 310 1068 356 atque
1096 306 1289 345 omnibus
1313 304 1518 354 sequenda

261 374 458 411 credatur.
467 374 475 388 ’
505 374 621 421 Quod
635 387 728 412 cum
741 373 972 421 aduersarii,
987 372 1110 410 inuiti
1121 370 1512 418 licet,concederent,

259 439 421 476 adlatus
440 441 501 477 est
523 439 690 488 quidam
710 440 759 477 de
779 453 925 489 genere
940 438 1184 487 Anglomm,
1203 436 1413 474 oculorum
1428 435 1519 472 luce

259 503 471 552 priuatus3
502 504 573 553 qui
593 518 686 542 cum
708 505 868 543 oblatus
888 505 1138 543 Brettonum
1159 501 1437 540 saceidotibuS
1456 499 1516 538 nil

260 569 482 607 curationis
508 570 575 607 uel
603 570 827 608 sanationis
853 570 1003 607 hoium
1024 567 1253 606 ministerio
1279 566 1513 616 percipeiet,

260 635 429 672 tandem
450 635 722 684 Augustinus,
744 635 852 673 iusta
871 635 1111 672 necessitate
1132 632 1364 681 conpulsus,
1388 631 1517 669 flectit

258 713 394 748 genua
435 713 508 738 sua
546 701 595 738 ad
634 701 800 739 Patrem
835 700 1005 738 Domini
1043 699 1175 737 nostri
1212 699 1308 736 Iesu
1348 696 1511 744 Christi,

259 765 490 813 deprecans,
515 768 561 803 ut
580 766 719 804 uisum
739 780 863 813 caeco,
898 779 1021 814 quem
1042 765 1242 812 amiserat,
1268 763 1513 810 restitueret,

259 832 299 867 et
327 844 400 879 per
428 831 790 869 inluminationem
820 831 943 869 unius
972 830 1155 868 hominis
1184 829 1444 878 corporalem,
1472 829 1517 866 in

257 895 532 944 plurimorum
570 898 688 935 corde
726 897 912 935 fidelium
951 895 1146 945 spiritalis
1193 895 1366 945 gratiam
1414 894 1518 932 lucis

260 962 507 999 accenderet.
569 963 653 1000 Nec
683 976 808 1009 mora,
842 962 1117 999 inluminatur
1147 973 1297 1008 caecuS,
1322 973 1366 998 ac
1394 973 1517 997 uerus

257 1040 442 1064 summae
475 1027 577 1065 lucis
614 1042 757 1077 praeco
788 1028 837 1066 ab
868 1028 1059 1065 omnibus
1091 1026 1348 1076 praedicatur
1379 1027 1518 1075 Augu-

258 1092 399 1130 stinus.
444 1093 551 1130 Tum
573 1094 793 1131 Brettones
815 1093 1065 1131 confitentur
1080 1092 1247 1142 quidem
1264 1091 1516 1129 intellexisse

256 1171 299 1195 se
329 1171 470 1195 ueram
500 1172 586 1196 esse
613 1159 724 1197 uiam
751 1159 941 1203 iustitiae,
966 1171 1089 1207 quam
1109 1157 1358 1207 praedicaret
1377 1158 1516 1206 Augu-

257 1223 391 1260 stinus
411 1238 418 1271 ;
448 1224 518 1261 sed
545 1238 629 1261 non
654 1225 721 1261 se¹
744 1238 862 1273 posse
888 1224 1039 1273 absque
1060 1237 1226 1261 suorum
1248 1236 1451 1260 consensu
1470 1235 1514 1260 ac

256 1287 421 1326 licentia
448 1289 592 1337 priscis
620 1289 807 1327 abdicare
836 1289 1029 1327 moribus.
1060 1290 1063 1336 1
1092 1289 1214 1327 Unde
1237 1288 1509 1338 postulabant,

257 1355 302 1390 ut
322 1354 501 1391 secundo
522 1355 703 1403 synodus
723 1355 910 1404 pluribus
929 1354 1243 1392 aduenientibus
1262 1354 1386 1392 fieret.

313 1419 429 1466 Quod
460 1433 555 1457 cum
585 1422 691 1458 esset
719 1422 930 1465 statutum,
956 1421 1172 1467 uenerunt,
1205 1421 1251 1457 ut
1279 1419 1510 1468 perhibent,

256 1484 342 1522 VH
392 1485 640 1523 Brettonum
679 1486 856 1535 episcopi
900 1487 940 1523 et
978 1485 1116 1534 plures
1152 1485 1235 1523 uiri
1272 1485 1510 1532 doctissimi,

255 1550 434 1588 maxime
464 1552 514 1588 de
542 1551 802 1589 nobilissimo
831 1565 973 1589 eorum
1006 1551 1265 1599 monasterio,
1302 1552 1409 1600 quod
1442 1564 1514 1589 uo-

255 1617 369 1653 catur
398 1616 541 1665 lingua
570 1617 804 1665 Anglorum
838 1617 1159 1666 Bancornaburg
1170 1616 1194 1663 ²,
1233 1617 1299 1655 cui
1330 1619 1514 1666 tempore

255 1680 327 1718 1110
347 1681 501 1718 Dinoot
520 1682 645 1719 abbas
665 1682 886 1731 praefuisse
906 1684 1103 1730 narratur,
1125 1682 1195 1731 qui
1215 1683 1265 1720 ad
1285 1683 1514 1732 praefatum

256 1747 381 1784 ituri³
412 1747 633 1784 concilium
664 1749 869 1785 uenerunt
896 1748 1031 1796 primo
1060 1748 1110 1785 ad
1139 1749 1347 1797 quendam
1375 1748 1514 1786 uirum

255 1814 444 1850 sanctum
471 1826 516 1850 ac
541 1813 799 1862 prudentem,
834 1813 905 1862 qui
935 1814 1069 1862 apud4
1089 1827 1156 1851 eos
1187 1814 1513 1852 anachoreticam

255 1878 400 1915 ducere
416 1878 548 1916 uitam
564 1879 728 1926 solebat,
747 1879 1017 1926 consulentes,
1034 1892 1087 1916 an
1102 1879 1151 1916 ad
1170 1879 1513 1928 praedicationem

254 1944 480 1992 Augustini
514 1957 607 1981 suas
637 1945 820 1982 deserere
858 1945 1100 1982 traditiones
1138 1945 1333 1982 deberent
1348 1945 1371 1983 ⁵.
1433 1945 1514 1993 Qui

254 2010 554 2057 respondebat:
608 2010 677 2048 ‘Si
710 2011 835 2048 homo
873 2011 949 2048 Dei
994 2013 1066 2057 est,
1108 2010 1330 2059 sequimini
1367 2011 1513 2048 illum.'

255 2074 459 2112 Dixerunt
477 2090 485 2113 :
520 2078 528 2092 ‘
544 2075 597 2113 Et
617 2076 726 2113 unde
741 2077 817 2113 hoc
838 2089 1055 2125 possumus
1074 2077 1244 2125 probare
1259 2078 1278 2114 ‘?
1293 2077 1302 2091 ⁹
1336 2078 1395 2115 At
1415 2077 1486 2114 ille
1503 2091 1512 2115 ε

258 2141 266 2157 ‘
282 2140 511 2187 Dominus,'
530 2140 677 2189 inquit,
710 2142 718 2158 ⁴
734 2141 791 2179 ait
810 2156 818 2179 :
859 2141 1044 2179 “Tollite
1063 2141 1207 2191 iugum
1226 2155 1367 2179 meum
1389 2155 1511 2192 super

256 2219 339 2253 uos,
366 2207 405 2243 et
427 2206 570 2243 discite
587 2219 609 2243 a
633 2219 709 2251 me,
732 2207 827 2256 quia
847 2207 961 2244 mitis
983 2220 1075 2244 sum
1101 2209 1142 2244 et
1161 2207 1335 2245 humilis
1354 2209 1511 2246 corde.''

255 2270 298 2308 Si
332 2283 426 2317 ergo
463 2272 724 2321 Augustinus
761 2272 831 2309 ille
865 2272 979 2310 mitis
1012 2274 1072 2310 est
1104 2274 1146 2309 et
1174 2272 1347 2310 humilis
1378 2275 1507 2322 corde,

255 2336 445 2373 credibile
476 2338 547 2385 est,
583 2337 677 2386 quia
714 2337 857 2386 iugum
896 2337 1052 2376 Christi
1089 2340 1130 2375 et
1166 2337 1253 2387 ipse
1289 2340 1433 2388 portet,
1471 2342 1512 2378 et

297 2443 306 2461 ¹
330 2455 365 2474 se
382 2455 439 2476 om.
454 2444 512 2476 Ml.
645 2445 762 2476 ²b0n-
781 2444 841 2477 01·
834 2470 841 2484 ,
865 2446 902 2476 of
915 2447 1147 2486 11011011103110
1162 2447 1204 2478 A.
1210 2447 1242 2479 S.
1367 2448 1379 2465 ³
1403 2448 1507 2479 illum

253 2496 299 2528 M.
318 2496 366 2537 H
371 2496 379 2513 ¹
397 2500 506 2527 altered
522 2501 547 2527 to
564 2498 655 2528 illud
672 2498 1337 2537 00110110111011108.Η1’”’4
1359 2503 1445 2540 aput
1461 2501 1506 2533 M.

251 2548 262 2566 ⁵
286 2549 490 2580 debuissent
506 2549 562 2581 M1.

1542 699 1582 728 cf
1598 699 1679 734 Eph

1541 739 1585 768 iii.
1605 747 1645 773 14.

1538 1286 1558 1314 f.
1576 1288 1609 1314 28
1624 1287 1652 1314 b.

1535 2143 1653 2172 Matth.
1661 2143 1703 2172 xi.
1752 2159 1756 2165 ι

1534 2193 1577 2220 29.
1749 2172 1754 2196 ¹
