1803 2887
64 1249 261 1279 Ordination

64 1291 101 1318 of
111 1291 242 1325 presby-

62 1332 150 1363 ters;
174 1329 222 1356 in-

66 1368 230 1396 struction

63 1408 100 1435 of
110 1408 168 1435 the

63 1447 187 1482 people.

294 155 379 195 408
708 155 914 211 Epistola
943 157 1055 199 Becle
1085 157 1146 199 acl

293 268 464 317 uidebis,
502 269 705 309 referente
737 270 856 309 beato
886 271 1005 320 Luca,
1039 272 1180 322 quales
1213 286 1350 311 secum
1383 273 1553 312 comites

294 334 469 382 apostoli
498 335 655 374 Paulus
693 338 733 374 et
772 337 983 375 Barnabas
1021 338 1252 385 habuerint,
1289 338 1387 387 quid
1427 338 1552 376 etiam

294 398 382 448 ipsi,
421 399 656 449 ubicunque
686 401 961 451 deuenissent,
998 403 1130 453 operis
1161 404 1327 453 egerint.
1403 403 1553 442 Statim

294 465 496 514 namque¹
534 467 581 503 ut
619 465 806 504 ciuitates
847 466 915 505 uel
960 468 1175 518 sinagogas
1217 468 1393 518 ingressi
1439 469 1548 516 sunt,

294 530 469 567 uerbum
509 530 587 568 Dei
623 531 863 580 praedicare,
907 534 948 570 et
991 547 1063 582 per
1105 533 1244 571 omnia
1284 533 1553 571 disseminare

295 595 501 632 curabant.
563 595 680 642 Quod
710 596 832 635 etiam
861 599 912 644 te,
944 598 1259 636 dilectissimum
1284 598 1391 636 mihi
1417 600 1548 647 caput,

296 661 494 708 sagaciter
523 661 696 709 cupiam,
727 661 962 712 ubicunque
991 665 1116 712 potes,
1148 663 1331 712 implere.
1393 663 1445 701 In
1476 664 1553 701 hoc

295 738 474 774 namque
495 725 673 764 officium
689 740 711 764 a
731 727 911 766 Domino
931 728 1094 775 electus,
1112 729 1157 766 in
1176 729 1253 766 hoc
1265 730 1278 748 ‘²
1294 730 1552 767 consecratus

294 803 347 837 es,
381 793 428 828 ut
455 791 631 829 uerbum
661 793 913 842 euangelizes
942 794 1096 832 uirtute
1127 794 1260 831 multa
1273 794 1296 842 ³,
1330 793 1553 843 praebente

294 856 372 893 tibi
392 856 593 894 auxilium
619 858 707 906 ipso
728 858 837 907 Rege
857 859 1061 897 uirtutum
1082 859 1262 897 Domino
1291 862 1431 897 nostro
1455 859 1552 898 Iesu

295 921 470 960 Christo.
533 922 650 970 Quod
688 924 745 961 ita
782 924 860 962 rite
897 924 1081 973 perficies
1112 925 1157 973 si,
1192 925 1425 973 ubicunque
1462 937 1552 974 per-

294 987 467 1034 ueneris,
498 1001 594 1024 mox
620 987 801 1026 collectis
822 990 871 1027 ad
892 992 933 1027 te
964 990 1146 1028 eiusdem
1176 990 1255 1027 loci
1280 989 1436 1037 incolis,
1468 1002 1553 1027 uer-

293 1051 394 1089 bum
414 1052 499 1090 illis
520 1053 817 1092 exhortationis
838 1055 1081 1103 exhibueris,
1107 1055 1233 1093 simul
1254 1058 1293 1093 et
1314 1055 1551 1104 exemplum

294 1117 465 1155 uiuendi
485 1132 569 1156 una
594 1132 689 1156 cum
714 1120 917 1167 omnibus,
944 1120 1014 1169 qui
1039 1123 1175 1158 tecum
1203 1121 1406 1168 uenerint,
1435 1119 1551 1170 quasi

296 1182 480 1221 caelestis
500 1184 673 1222 militiae
693 1185 837 1222 ductor
856 1186 1094 1224 ostenderis.

354 1259 387 1295 5.
421 1249 475 1286 Et
514 1250 634 1298 quia⁴
664 1249 807 1288 latiora
841 1252 940 1288 sunt
973 1251 1104 1300 spatia
1133 1251 1327 1299 locorum,
1367 1264 1469 1300 quae
1501 1251 1552 1290 ad

295 1314 570 1362 gubernacula
602 1317 697 1353 tuae
731 1315 900 1354 diocesis
930 1317 1151 1365 pertinent,
1186 1330 1310 1366 quam
1338 1317 1411 1354 ut⁵
1440 1316 1553 1354 solus

294 1392 366 1427 per
386 1380 524 1417 omnia
543 1380 778 1427 discurrere,
797 1383 836 1419 et
857 1381 901 1418 in
921 1381 1096 1431 singulis
1112 1382 1259 1419 uiculis
1275 1383 1396 1431 atque
1411 1381 1553 1431 agellis

293 1444 468 1482 uerbum
488 1446 565 1483 Dei
583 1446 823 1495 praedicare,
841 1447 965 1484 etiam
985 1447 1085 1485 anni
1103 1447 1231 1485 totius
1247 1461 1413 1485 emenso
1429 1447 1551 1485 curri-

295 1510 397 1557 culo,
432 1511 608 1549 sufficias
621 1511 643 1559 ⁶,
678 1513 955 1550 necessarium
984 1513 1083 1551 satis
1117 1515 1188 1561 est,
1222 1515 1269 1551 ut
1300 1513 1438 1562 plures
1474 1512 1551 1550 tibi

293 1576 395 1612 sacri
424 1577 559 1625 operis
588 1577 819 1615 adiutores⁷
847 1578 1039 1627 asciscas,
1072 1579 1333 1628 presbyteros
1358 1579 1551 1617 uidelicet

294 1641 529 1689 ordinando,
554 1643 675 1692 atque
701 1643 956 1681 instituendo
986 1644 1182 1692 doctores,
1207 1644 1277 1693 qui
1305 1644 1349 1681 in
1377 1644 1552 1692 singulis

292 1706 440 1744 uiculis
459 1708 729 1756 praedicando
743 1709 820 1746 Dei
840 1709 975 1756 uerbo,
994 1711 1034 1747 et
1049 1709 1332 1748 consecrandis
1344 1710 1553 1759 mysteriis

294 1772 546 1820 caelestibus,
586 1786 631 1811 ac
668 1775 848 1812 maxime
885 1775 1126 1824 peragendis
1157 1776 1259 1813 sacri
1291 1775 1552 1824 baptismatis

294 1837 446 1885 officiis,
481 1839 552 1876 ubi
580 1841 836 1888 oportunitas
863 1841 1074 1890 ingruerit,
1095 1841 1291 1879 insistant
1304 1841 1327 1879 ⁸.
1388 1841 1442 1879 In
1472 1853 1552 1890 qua

293 1904 484 1942 uidelicet-
514 1906 816 1954 praedicatione
851 1906 1015 1955 populis
1056 1906 1297 1954 exhibenda,
1341 1906 1419 1944 hoc
1456 1919 1551 1955 prae

294 1970 437 2007 ceteris
462 1970 577 2008 omni
596 1971 796 2009 instantia
818 1972 1119 2021 procurandum
1139 1972 1324 2020 arbitror,
1349 1974 1396 2010 ut
1424 1972 1550 2010 fidem

294 2035 547 2083 catholicam,
574 2050 677 2085 quae
700 2037 980 2086 apostolorum
1006 2037 1220 2087 symbolo⁹
1242 2037 1486 2084 continetur,
1512 2038 1553 2075 et

295 2100 544 2139 dominicam
594 2102 830 2150 orationem,
875 2116 999 2152 quam
1049 2104 1179 2140 sancti
1225 2103 1429 2152 euangelii
1476 2115 1552 2140 nos

295 2166 496 2215 scriptura
516 2168 666 2214 edocet,
691 2168 892 2215 omnium,
918 2167 988 2217 qui
1013 2168 1062 2206 ad
1083 2169 1203 2205 tuum
1223 2168 1409 2218 regimen
1432 2168 1552 2217 perti-

294 2233 407 2279 nent,
436 2234 657 2270 memoriae
688 2233 883 2271 radicitus
912 2233 1083 2283 infigere
1113 2246 1238 2271 cures.
1299 2234 1354 2271 Et
1384 2234 1552 2283 quidem

295 2310 448 2345 omnes,
466 2298 536 2346 qui
552 2297 743 2335 Latinam
758 2298 944 2348 linguam
960 2298 1148 2336 lectionis
1168 2312 1245 2337 usu
1261 2298 1494 2337 didicerunt
1510 2299 1546 2346 ¹⁰,

336 2476 346 2493 ¹
371 2486 514 2516 nanque
533 2477 580 2507 H.
679 2475 691 2493 ²
715 2486 888 2516 namque.
905 2501 912 2508 .
927 2501 935 2508 .
954 2501 961 2508 .
973 2477 1011 2507 in
1030 2476 1095 2507 hoc
1112 2487 1171 2508 om.
1188 2476 1235 2508 H.
1324 2477 1336 2494 ³
1358 2487 1487 2517 magna
1503 2477 1549 2509 M.

291 2529 303 2547 4
328 2529 411 2568 quia
427 2539 483 2560 om.
504 2528 551 2559 M.
698 2529 709 2546 ⁵
733 2530 774 2559 tu
790 2528 835 2560 M.
963 2529 974 2546 ⁶
997 2530 1064 2559 —ies
1081 2528 1127 2559 M.
1260 2527 1272 2546 ⁷
1295 2529 1366 2560 adi.
1384 2539 1409 2561 s.
1429 2540 1482 2570 op.
1502 2530 1549 2562 M.

292 2580 303 2598 ⁸
327 2581 496 2612 assistant
513 2581 559 2612 M.
652 2580 663 2599 ⁹
687 2581 838 2612 cimbolo
855 2581 901 2618 M,
918 2584 982 2611 ancl
997 2591 1027 2611 so
1044 2583 1169 2618 always.
1260 2580 1285 2598 ¹⁰
1308 2582 1399 2612 -rint
1416 2582 1461 2613 M.

1574 1587 1690 1625 f.9ob.
