1803 2887
71 948 113 977 ib.

72 1122 93 1150 f.
109 1129 140 1156 32
155 1129 182 1150 a.

75 2356 118 2385 ib.

670 191 847 231 auctore
876 189 1130 244 Awonymo.
1446 190 1528 230 401

269 302 580 347 supputationem
608 302 892 338 consuetudinis
917 303 1135 348 Anglorum,
1161 302 1390 337 familiarum
1415 303 1531 338 ferme

268 363 422 396 centum
434 352 713 406 quinquaginta
727 374 734 402 ;
753 361 827 405 qui,
843 364 886 396 ut
900 373 922 396 a
937 373 1000 397 suo
1015 360 1241 396 monasterio
1257 361 1447 406 egressus1
1464 363 1531 402 est,

268 431 385 464 usque
428 420 517 454 dum
556 419 658 455 diem
698 418 834 454 clausit
869 422 1088 461 extremum,
1130 422 1292 464 excepta
1325 418 1535 464 psalmodia

269 477 460 519 canonica,
472 480 532 513 ter
547 477 684 513 cotidie
702 477 923 522 psalterium
938 477 1060 512 Dauid
1074 477 1087 498 ²
1104 489 1148 513 ex
1161 477 1288 512 ordine
1303 476 1534 516 decantaust,

268 536 409 571 addens
435 537 483 571 ad
507 535 817 572 consuetudinem
839 536 1010 581 priscam,
1030 548 1102 581 qua
1123 547 1192 580 per
1214 547 1331 571 annos
1355 535 1535 581 plurimos

267 594 325 629 bis
351 594 489 630 cotidie
523 595 692 630 canendo
727 594 949 639 psalterium
979 593 1149 630 currere³
1175 594 1335 635 solebam
1365 596 1404 629 et
1431 605 1533 628 sacre

271 653 471 689 oblationis
494 652 657 688 hostiam
682 665 748 698 pro
773 665 809 689 se
834 653 981 697 suisque
1006 652 1170 687 Domino
1195 652 1325 688 offerre
1347 652 1450 687 nullo
1475 652 1535 687 die

271 711 537 756 praetermisit,
563 711 679 747 etiam
703 724 788 747 cum
815 723 904 757 prae
925 710 1122 746 nimietate
1144 711 1337 756 languoris
1364 710 1534 754 equitare

268 782 345 805 non
378 770 509 806 ualens
536 770 740 805 caballario
768 771 971 806 ferreretur
994 769 1034 804 in
1068 770 1237 816 grabato,
1275 771 1436 814 excepta
1468 769 1535 804 illa

269 826 453 861 duntaxat
503 838 587 867 una,
629 838 712 870 qua,
748 825 1005 870 quatientibus
1045 837 1184 860 nauem
1223 824 1408 870 procellis,
1453 827 1535 859 tota

271 884 467 919 laborabat
485 884 526 918 in
546 884 651 927 mari,
671 886 708 920 et
726 884 838 918 ΠΙΙΟΥ
856 886 944 920 ante
964 883 1108 919 obitum
1127 896 1232 918 suum
1251 883 1393 919 diebus.

313 953 368 987 34.
396 942 516 977 Erant
533 943 573 977 in
601 943 786 978 comitatu
812 942 890 978 eius
918 942 1071 976 LXXX·
1099 942 1249 977 circiter
1272 941 1345 976 uiri
1377 941 1535 978 diuersis

272 1001 423 1036 collecti
441 1002 486 1036 de
506 1001 686 1046 partibus,
705 1000 768 1045 qui
793 1000 901 1035 illum
928 1000 1094 1035 uniuersi
1113 1001 1219 1045 quasi
1241 1003 1388 1045 patrem
1407 1012 1535 1045 seque-

270 1059 433 1093 bantur4
451 1061 489 1094 et
508 1059 684 1094 colebant
703 1071 809 1094 suum
824 1057 847 1094 ⁵.
913 1058 1009 1093 Nam
1033 1061 1071 1094 et
1092 1058 1173 1103 ipse
1193 1058 1269 1093 suis
1287 1061 1535 1103 praeceperat

268 1118 272 1161 Ι
294 1117 488 1159 ministris,
507 1120 550 1152 ut
569 1117 599 1152 si
617 1129 728 1162 quem
740 1117 752 1137 ‘⁵
771 1118 816 1153 de
837 1117 1104 1152 comitantibus
1130 1116 1191 1153 se7
1210 1117 1435 1152 alimentum
1459 1129 1535 1152 non

268 1176 406 1211 habere
437 1175 707 1221 conperissent‚
737 1176 935 1211 confestim
966 1175 1002 1211 ei
1026 1176 1091 1211 uel
1122 1175 1249 1211 cibum
1279 1176 1340 1211 uel
1370 1176 1535 1220 pretium

268 1234 424 1275 darent;
451 1236 530 1270 erat
557 1234 699 1279 quippe
725 1236 860 1269 natura
882 1233 1104 1277 misericors,
1125 1237 1163 1270 et
1184 1246 1393 1280 pauperum
1416 1235 1538 1270 cultor

270 1292 439 1328 eximius.
491 1292 659 1337 Denique
678 1293 895 1338 profecturo
915 1295 952 1328 et
971 1293 1231 1338 proficiscente
1250 1292 1317 1327 illo
1335 1293 1537 1327 unanimus

269 1362 470 1397 egenorum
504 1363 761 1397 uagorumque
795 1352 970 1397 gemitus,
996 1351 1102 1396 quasi
1136 1355 1246 1396 patre
1274 1363 1311 1386 se
1347 1354 1385 1386 et
1415 1351 1536 1386 altore

268 1410 504 1453 destitutum,
524 1411 746 1446 testabatur.
797 1410 898 1453 Quod
917 1410 1071 1445 uirtutis
1088 1423 1207 1456 genus
1224 1409 1304 1455 ipse
1322 1421 1398 1445 non
1416 1410 1535 1445 solum

269 1468 406 1504 timore
432 1472 470 1504 et
495 1481 619 1504 amore
648 1481 807 1513 superno
834 1469 1150 1511 commendatum,
1179 1469 1242 1504 sed
1269 1470 1307 1503 et
1333 1480 1354 1503 a
1378 1470 1534 1513 parente

268 1528 373 1574 quasi
396 1527 626 1564 hereditario
644 1528 723 1563 iure
750 1531 974 1573 susceptum,
997 1528 1148 1564 sedulus
1168 1539 1341 1563 exercere
1367 1527 1535 1562 curabat.

269 1587 462 1632 Siquidem
481 1589 591 1632 pater
608 1586 734 1631 ipsius,
754 1599 838 1622 cum
868 1586 1145 1621 nobilissimum
1176 1585 1377 1621 comitatus
1407 1587 1535 1631 ageret

269 1646 441 1686 officium,
454 1645 495 1680 in
511 1648 661 1680 tantum
679 1645 944 1689 misericordie,
957 1657 1052 1690 quae
1066 1646 1108 1680 fit
1122 1645 1162 1679 in
1177 1656 1373 1690 pauperes,
1389 1656 1537 1689 semper

270 1704 447 1750 operibus
472 1704 673 1751 gaudebat,
692 1706 734 1739 ut
761 1716 846 1739 cum
867 1705 1029 1748 quodam
1052 1706 1224 1749 tempore
1248 1703 1536 1748 permagnificas

269 1763 508 1808 suscipiendo
541 1762 622 1809 regi
655 1763 785 1808 epulas
818 1765 998 1808 parasset,
1034 1763 1098 1798 sed
1131 1762 1232 1797 hunc
1267 1761 1536 1807 superueniens

269 1820 467 1867 inopinata
492 1821 583 1857 belli
609 1821 822 1863 necessitas,
849 1833 896 1857 ne
924 1833 966 1857 eo
993 1821 1122 1857 uenire
1149 1823 1287 1866 posset,
1314 1821 1534 1861 retardaret,

272 1879 336 1916 ille
369 1880 512 1925 gratias
554 1880 681 1916 diuine
715 1879 990 1925 dispensationi
1032 1880 1197 1915 referens
1240 1879 1369 1914 statim
1408 1890 1536 1914 omnes

270 1951 463 1984 pauperes,
498 1938 728 1984 peregrinos,
754 1939 980 1984 languentes
1011 1938 1300 1982 circumquaque
1331 1937 1458 1972 uocari
1488 1938 1536 1972 ad

269 1998 412 2042 epulas,
432 2000 469 2033 et
487 2009 558 2042 que
576 1996 656 2043 regi
680 2000 832 2033 terreno
859 2009 901 2032 ac
928 1996 1108 2032 ministris
1135 1997 1215 2032 eius
1241 1996 1426 2032 exibenda
1452 2007 1534 2040 pro-

270 2058 456 2100 posuerat,
477 2067 620 2091 summo
635 2055 711 2090 iam
730 2055 824 2101 Regi
838 2055 878 2090 in
895 2054 1102 2089 humilibus
1120 2054 1222 2089 illius
1241 2057 1393 2090 aeterne
1411 2053 1536 2100 gratia

270 2113 529 2150 retributionis
558 2114 770 2157 exibuerit,
806 2114 886 2159 ipse
914 2113 1069 2158 quidem
1100 2125 1169 2158 per
1198 2125 1234 2148 se
1265 2112 1429 2147 maribus
1456 2125 1535 2148 om·

271 2185 357 2209 nem
381 2173 593 2218 inpendens
616 2173 853 2214 famulatum,
882 2184 991 2217 porro
1022 2172 1220 2218 coniugem
1251 2184 1355 2206 suam
1383 2171 1535 2207 feminis

270 2231 506 2267 humillimae
536 2231 761 2266 ancillatum
795 2231 961 2266 famulae
993 2242 1061 2276 per
1093 2230 1253 2276 seipsam
1289 2230 1329 2264 in
1363 2229 1535 2265 omnibus

272 2289 420 2326 exibere
438 2289 688 2334 praecipiens.

321 2357 376 2393 35.
403 2347 581 2383 Peruenit
599 2350 725 2383 autem
741 2346 928 2392 Lingonas
946 2346 1154 2382 Ceolfridus
1173 2346 1270 2382 circa
1284 2347 1295 2365 ὃ
1309 2347 1441 2382 horam
1459 2347 1535 2383 diei

273 2406 437 2448 tertiam,
462 2405 648 2451 septimo⁹
669 2405 744 2440 kal.
766 2405 896 2441 Octob.
916 2407 958 2441 ut
981 2404 1153 2448 diximus,
1177 2405 1387 2451 incipiente
1413 2406 1534 2441 indic-

319 2510 329 2527 ι
355 2520 411 2540 -su
427 2510 475 2540 H.
586 2508 600 2529 2
625 2510 734 2541 dauid
750 2520 809 2540 om.
826 2509 853 2539 δ.
976 2509 988 2527 ³
1012 2519 1113 2540 curre
1130 2511 1157 2541 δ.
1268 2509 1279 2528 ¹
1303 2510 1468 2550 sequaeb-
1486 2510 1532 2541 H.

273 2562 285 2580 ⁵
308 2572 422 2602 suum,
442 2565 546 2592 erased
562 2562 591 2593 δ.
700 2561 711 2577 ‘⁵
734 2561 880 2601 quidem
896 2561 943 2593 H.
1056 2560 1068 2578 ⁷
1092 2571 1128 2592 se
1150 2572 1210 2594 om.
1226 2562 1255 2595 δ.
1371 2561 1382 2578 ²³
1405 2564 1535 2594 circam

271 2614 318 2646 H.
333 2616 358 2646 δ.
450 2614 461 2631 ⁹
484 2614 578 2645 VIII
595 2613 642 2645 H.

869 2681 896 2707 D
917 2669 944 2708 d

1556 365 1617 393 His
1631 364 1732 400 piety‚

1558 1123 1625 1150 and
1640 1123 1715 1152 cha-

1558 1163 1634 1198 rity.

1558 1589 1726 1617 Anecdote

1559 1629 1595 1656 of
1606 1628 1659 1656 his

1558 1668 1680 1696 father.

1559 2353 1618 2381 His
1632 2362 1741 2390 recep-

1557 2393 1630 2422 tion
1641 2396 1676 2422 at
