1803 2887
5 552 10 690 *e—
5 458 11 544 -—-.
4 339 13 450 -.-.

75 565 84 583 ι
100 556 175 591 Reg.
189 554 244 582 xii.

73 1274 122 1302 Ps.
137 1274 244 1303 xcviii.

74 1323 97 1349 7,
111 1316 137 1342 8.

77 2202 85 2219 1
102 2192 184 2220 Tim.
195 2192 236 2222 vi.

76 2241 115 2259 10.

77 2281 85 2298 x
103 2272 172 2300 Cor.
190 2271 230 2301 vi.

77 2320 115 2339 10.

604 173 867 229 Ecybertum
898 173 1185 229 Episcopum.
1439 174 1492 213 41
1501 173 1522 212 1

268 290 432 340 grauius
453 291 524 338 est,
548 292 710 339 accepta
731 289 782 328 ab
809 288 1064 327 auditoribus
1087 288 1173 326 suis
1193 287 1376 337 pecunia,
1402 301 1527 337 quam

267 355 472 394 Dominus
500 355 722 405 prohibuit,
747 367 850 403 opus
878 353 1003 398 uerbi,
1027 354 1136 403 quod
1160 353 1366 391 Dominus
1391 352 1522 399 iussit,

268 434 453 459 exercere
483 422 778 469 contempnant
795 434 804 467 ;
846 433 939 457 cum
973 419 1060 457 Deo
1100 418 1273 456 dilectus
1310 417 1525 467 pontifex¹

270 485 448 533 Samuel,
472 485 593 535 longe
612 485 731 523 aliter
751 484 894 522 secisse
914 483 1029 521 omni
1047 484 1199 533 populo
1219 485 1323 521 teste
1342 483 1501 532 legatur
1517 497 1526 521 ι

275 550 447 599 ‘Itaque
478 550 768 597 conuersatus,’
796 549 943 598 inquit,
983 550 1141 586 ‘coram
1170 548 1288 586 uobis
1320 548 1370 585 ab
1400 548 1529 586 adole-

269 616 424 654 scentia
454 629 546 654 mea
575 629 706 666 usque
738 615 788 653 ad
820 615 930 652 diem
958 614 1075 662 hanc,
1110 627 1199 651 ecce
1226 616 1388 663 praesto
1417 626 1522 661 sum,

267 681 487 730 loquimini
507 682 556 719 de
575 695 642 719 me
662 694 796 719 coram
817 680 1009 727 Domino,
1029 682 1068 717 et
1085 692 1222 717 coram
1239 679 1402 718 Christo
1423 679 1522 727 eius,

267 748 409 784 utrum
428 747 577 784 bouem
590 747 761 785 alicuius
776 745 955 793 tulerim,
976 758 1028 783 an
1044 744 1219 792 asinum,
1237 744 1272 782 si
1287 744 1526 794 quempiam

268 809 572 858 calumpniatus
603 823 707 857 sum,
745 808 780 846 si
811 807 994 857 oppressi
1025 807 1216 857 aliquem,
1252 807 1287 845 si
1317 808 1367 845 de
1398 820 1526 845 manu

268 874 512 924 cuiusquam
531 887 685 912 munus
703 874 837 923 accepi
855 888 863 921 ;
894 875 934 911 et
954 875 1247 922 contempnam
1267 872 1370 910 illud
1391 873 1522 920 hodie,

267 939 564 989 restituamque
577 939 703 978 uobis.
752 939 806 977 Et
822 939 1038 977 dixerunt:
1060 938 1154 976 Non
1170 951 1212 976 es
1225 938 1527 987 calumpniatus

267 1018 352 1052 nos,
377 1018 509 1054 neque
536 1004 781 1054 oppressisti,
806 1017 940 1053 neque
963 1003 1098 1041 tulisti
1125 1004 1174 1042 de
1200 1017 1328 1041 manu
1354 1003 1527 1041 alicuius

267 1070 506 1120 quippiam.’
563 1070 690 1109 Cuius
709 1069 968 1108 innocentiae
988 1082 1033 1107 ac
1052 1068 1232 1106 iustitiae
1252 1069 1398 1106 merito
1418 1069 1528 1106 inter

265 1136 422 1186 primos
452 1135 619 1184 populi²
651 1136 728 1173 Dei
762 1136 885 1173 duces
920 1137 960 1172 et
991 1135 1216 1172 sacerdotes
1247 1135 1523 1182 annumerari,

268 1204 392 1251 atque
420 1201 465 1239 in
492 1201 679 1250 precibus
708 1200 793 1238 suis
821 1214 997 1249 superno
1027 1200 1171 1238 auditu
1200 1202 1322 1249 atque
1348 1200 1528 1250 alloquio

271 1267 422 1316 dignus
437 1267 610 1305 existere
625 1266 786 1314 meruit,
805 1266 965 1304 dicente
980 1265 1293 1315 psalmographo
1311 1280 1320 1304 ε
1346 1266 1529 1316 ‘Moyses

270 1335 310 1371 et
330 1334 471 1370 Aaron
496 1333 541 1370 in
565 1333 843 1371 sacerdotibus
864 1331 961 1379 eius,
987 1333 1027 1369 et
1048 1331 1214 1369 Samuel
1233 1331 1342 1370 inter
1362 1345 1430 1369 eos
1457 1332 1529 1381 qui

268 1398 462 1436 inuocant
492 1411 645 1436 nomen
678 1397 775 1445 eius,
814 1396 1062 1435 inuocabant
1092 1397 1333 1445 Dominum,
1371 1400 1412 1435 et
1442 1397 1529 1446 ipse

268 1464 507 1502 exaudiebat
528 1477 605 1511 eos,
630 1463 674 1501 in
696 1463 888 1501 colunma
907 1462 1030 1500 nubis
1051 1462 1296 1512 loquebatur
1316 1463 1366 1500 ad
1388 1476 1456 1500 eos
1469 1464 1510 1501 ³³.’

324 1528 359 1565 8.
391 1527 435 1564 Si
447 1529 587 1565 autem
602 1526 756 1576 aliquid
771 1525 963 1564 utilitatis
979 1525 1169 1563 fidelibus
1182 1525 1366 1563 conferre
1380 1539 1529 1565 manus

268 1591 576 1641 impositionem
592 1593 615 1640 ⁴,
650 1605 729 1642 qua
759 1591 938 1641 Spiritus
968 1591 1141 1629 Sanctus
1169 1591 1374 1640 accipitur,
1407 1593 1529 1630 credi-

269 1671 363 1696 mus
383 1661 422 1696 et
443 1658 687 1696 confitemur
706 1672 714 1706 ;
745 1660 903 1696 constat
924 1671 944 1694 e
965 1657 1176 1705 contrario,
1203 1657 1298 1706 quia
1323 1658 1419 1695 haec
1442 1658 1530 1708 ipsa

269 1724 426 1762 utilitas
460 1724 518 1762 eis
557 1724 704 1773 quibus
742 1736 890 1761 manus
926 1722 1134 1772 impositio
1173 1723 1361 1771 defuerit,
1400 1723 1525 1762 abest.

269 1790 395 1828 Cuius
414 1790 613 1827 nimirum
633 1789 810 1839 priuatio
830 1788 928 1827 boni
948 1789 998 1827 ad
1019 1801 1120 1838 quos
1134 1788 1314 1838 amplius
1335 1802 1459 1838 quam
1479 1790 1529 1828 ad

269 1856 380 1905 ipsos
399 1855 563 1904 respicit
583 1855 799 1902 antistites,
825 1855 895 1904 qui
913 1854 1083 1892 illorum
1110 1867 1152 1892 se
1172 1854 1423 1903 promittunt
1443 1867 1530 1892 esse

268 1921 484 1971 praesules,
523 1921 671 1970 quibus
704 1920 929 1970 spiritualis
963 1920 1142 1958 officium
1181 1920 1438 1969 praesulatus
1468 1933 1531 1957 ex-

268 1987 409 2025 hibere
445 1989 516 2025 aut
554 1986 782 2036 negligunt,
824 1987 896 2023 aut-
934 1986 1181 2034 nequeunt?
1238 1985 1365 2024 Cuius
1402 1985 1530 2023 totius

268 2049 460 2088 facinoris
480 2049 594 2087 nulla
613 2049 744 2099 magis
765 2061 888 2098 quam
908 2048 1105 2086 auaritia⁵
1119 2060 1238 2086 causa
1257 2050 1328 2086 est.
1378 2049 1530 2087 Contra

270 2129 394 2165 quam
415 2115 629 2164 disputans
648 2114 867 2164 apostolus,
892 2114 935 2152 in
956 2128 1035 2164 quo
1057 2113 1245 2153 Christus
1270 2114 1525 2163 loquebatur,

269 2181 402 2220 aiebat
421 2196 430 2219 ε
465 2181 621 2219 ‘Radix
641 2181 831 2219 omnium
850 2180 1056 2218 malorum
1077 2179 1279 2229 cupiditas
1307 2182 1368 2218 est
1380 2180 1419 2219 ‘2'
1475 2180 1530 2218 Et

271 2260 462 2285 rursum:
496 2247 660 2296 ‘Neque
688 2246 827 2293 auari,’
845 2246 992 2296 inquit,
1022 2246 1219 2295 ‘regnum
1245 2245 1324 2283 Dei
1350 2245 1528 2294 posside-

272 2310 405 2348 bunt.'
462 2309 568 2348 Cum
598 2309 710 2347 enim
739 2309 922 2357 antistes,
948 2309 1128 2346 dictante
1154 2320 1290 2346 amore
1320 2309 1527 2357 pecuniae,

270 2374 468 2412 maiorem
487 2373 631 2423 populi
650 2376 820 2423 partem,
845 2386 971 2423 quam
998 2373 1083 2411 ulla
1111 2373 1269 2411 ratione
1294 2385 1366 2422 per
1391 2375 1529 2412 totum

311 2494 322 2512 ¹
345 2495 506 2534 pontifex
520 2505 578 2525 om.
597 2494 643 2526 M.
765 2492 776 2510 ²
799 2494 865 2525 —los
882 2494 927 2526 M.
1042 2495 1054 2513 ⁸
1081 2494 1342 2525 ‘sacerdotibus
1358 2494 1434 2524 eius
1447 2494 1454 2505 ’
1472 2504 1528 2525 us-

266 2557 335 2588 que
355 2548 582 2586 ‘loquebatur
597 2546 643 2577 ad
659 2557 716 2577 eos
728 2547 735 2558 '
753 2547 799 2577 H.
921 2546 931 2564 ⁴
953 2546 1108 2578 conferri
1125 2570 1133 2578 .
1155 2570 1163 2578 .
1184 2570 1191 2578 .
1210 2571 1217 2578 .
1234 2546 1462 2586 impositione
1480 2547 1528 2579 M.

267 2600 279 2618 ⁵
302 2600 386 2632 -tiae
403 2599 450 2631 H.
557 2597 569 2615 ⁶
591 2601 643 2630 est
659 2609 736 2640 cup.
757 2599 804 2631 Μ.

1553 1537 1692 1566 Avarice
1707 1539 1743 1565 of

1551 1577 1610 1606 the
1629 1578 1760 1613 bishops

1552 1626 1587 1646 re
1589 1618 1719 1653 proved.
