1803 2887
82 1487 226 1519 Gregory

80 1525 177 1551 sends
192 1524 256 1551 Au-

81 1563 212 1596 gastine
219 1562 285 1590 and

80 1603 192 1631 others
205 1604 239 1629 to

82 1644 215 1669 ‹·onvert
227 1641 285 1669 the

84 1681 230 1716 English,

82 1731 106 1748 A.
119 1730 146 1748 D.
164 1722 226 1756 596.

81 2067 169 2101 They
183 2069 262 2095 turn

81 2106 178 2134 faint-

79 2146 98 2172 h
104 2146 223 2174 earted.

313 182 370 220 42
680 179 730 220 H
732 179 887 221 istoria
917 179 1224 222 Ecclesiastica
1437 188 1523 230 [Lm.
1539 192 1564 223 Ι.

312 296 472 343 quidem,
492 295 650 343 praeter
669 294 713 331 in
733 294 871 343 paucis
888 296 927 332 et
948 295 1067 332 ualde
1086 295 1224 344 paucis
1244 295 1329 333 ulla
1348 298 1563 344 appareret.

317 360 422 410 {Qui
456 361 564 398 inter
598 359 677 397 alia
709 360 1046 398 inenarrabilium
1080 361 1277 398 scelerum
1311 361 1425 408 facta,
1462 375 1565 410 quae

312 424 554 463 historicus¹
576 438 717 463 eorum
748 425 895 463 Gildus
923 426 1047 463 flebili
1078 439 1266 464 sermone
1296 427 1499 473 describit,
1525 429 1566 465 et

312 491 387 528 hoc
416 490 628 537 addebant,
654 492 699 528 ut
728 504 955 540 numquam
985 492 1100 540 genti
1130 492 1339 529 Saxonum
1368 491 1455 529 siue
1482 493 1566 530 An—

311 556 484 604 glorum,
528 569 666 593 secum
704 556 953 594 Brittaniam
1004 556 1210 605 incolenti,
1252 557 1426 594 uerbum
1468 557 1566 596 fidei

311 620 578 669 praedicando
617 621 935 659 committerent.
1005 622 1085 660 Sed
1124 635 1209 659 non
1246 623 1386 659 tamen
1425 622 1566 661 diuina

311 686 441 735 pietas
469 686 632 735 plebem
661 700 789 734 suam,
825 700 947 736 quam
981 687 1209 736 praesciuit,
1243 687 1432 734 deseruit,
1466 687 1566 736 quin

310 751 442 789 multo
470 751 673 800 digniores
702 753 815 801 genti
844 754 1092 790 memoratae
1120 765 1340 801 praecones
1366 752 1562 800 ueritatis,

310 830 381 865 per
402 830 504 866 quos
525 817 705 855 crederet
717 816 741 865 2,
768 817 1003 856 destinauit.

774 944 895 982 CAP.
929 943 1095 982 XXIII.

313 1044 349 1072 Ut
365 1046 488 1072 sanctus
498 1053 585 1079 papa
603 1044 761 1079 Greqorius
777 1044 993 1080 Augus-{immi
1010 1053 1079 1072 cum
1096 1044 1253 1073 monachis
1269 1046 1309 1072 (αῖ
1318 1046 1566 1080 praedicandum

307 1097 388 1132 uenti
402 1097 575 1132 Angylorum
592 1097 720 1134 millene,
740 1097 869 1131 epistula
884 1105 996 1131 (suoque
1012 1096 1078 1124 illos
1093 1097 1301 1133 exhortatoria,
1318 1105 1355 1125 ne
1370 1106 1390 1126 α
1404 1098 1566 1128 laborando

738 1150 895 1186 cessarent,
913 1148 1136 1184 corz-fortunent.

364 1213 572 1258 SIQUIDEM
601 1226 710 1251 anno
731 1213 780 1251 ab
800 1213 1083 1252 incarnatione
1113 1214 1284 1253 Domini
1313 1215 1563 1253 DLXXXII

310 1278 531 1316 Mauricius
550 1279 600 1316 ab
620 1279 810 1328 Augusto
831 1279 964 1316 LIIII
984 1279 1206 1328 imperium
1233 1280 1461 1329 suscipiens
1482 1281 1564 1318 XX

310 1347 349 1382 et
370 1345 392 1382 I
413 1345 533 1382 annis
553 1344 698 1383 tenuit.
758 1344 885 1383 Cuius
911 1358 1018 1383 anno
1045 1346 1160 1395 regni
1183 1346 1224 1383 X
1245 1346 1474 1395 Gregorius,
1499 1346 1565 1384 uir

312 1410 494 1447 doctrina
509 1412 550 1447 et
570 1409 730 1448 actione
745 1411 997 1459 praecipuus,
1023 1411 1310 1459 pontificatum
1331 1412 1564 1449 Romanae3

311 1477 351 1512 et
375 1475 620 1524 apostolicae
646 1475 754 1513 sedis
775 1475 945 1513 sortitus
970 1476 1075 1513 rexit
1100 1489 1229 1514 annos
1250 1477 1374 1524 XIII,
1399 1490 1564 1515 menses

310 1540 382 1588 VI,
408 1543 448 1578 et
472 1540 558 1578 dies
584 1541 634 1579 X.
697 1541 775 1589 Qui
805 1540 947 1578 diuino
967 1542 1203 1580 admonitus
1229 1541 1429 1579 instinctu
1455 1555 1564 1580 anno

310 1605 449 1643 XIIII
471 1605 655 1643 eiusdem
682 1605 891 1655 principis,
916 1607 1119 1644 aduentus
1146 1620 1242 1644 uero
1263 1607 1499 1656 Anglorum
1518 1607 1563 1645 in

310 1671 590 1709 Brittanniam
619 1685 728 1709 anno
759 1671 916 1709 circiter
945 1672 1022 1720 CL,
1047 1672 1162 1710 misit
1190 1685 1357 1710 seruum
1380 1672 1458 1710 Dei
1483 1674 1565 1711 Au-

309 1737 524 1785 gustinum
554 1739 595 1774 et
623 1737 724 1775 alios
752 1737 891 1787 plures
921 1750 1014 1775 cum
1043 1751 1089 1775 eo
1118 1738 1342 1775 monachos
1369 1737 1566 1776 timentes

309 1802 537 1840 Dominum
576 1802 808 1851 praedicare
845 1803 1019 1840 uerbum
1058 1802 1135 1841 Dei
1172 1802 1285 1852 genti
1315 1803 1562 1852 Anglorum.

310 1867 388 1915 Qui
421 1881 515 1905 cum
548 1867 670 1905 iussis
699 1868 1006 1917 pontificalibus
1045 1869 1374 1917 obtemperantes
1411 1881 1561 1906 memo-

309 1935 443 1970 ratum
462 1929 570 1982 'opus
595 1933 761 1982 adgredi
783 1933 1021 1982 coepissent,
1048 1933 1213 1983 iamque
1227 1934 1239 1952 ⁴
1259 1933 1563 1982 aliquantulum

309 1998 470 2036 itineris
497 1998 777 2047 confecissent,
801 1999 978 2048 perculsi
1001 1999 1149 2037 timore
1177 1998 1312 2046 inerti,
1336 1998 1469 2037 redire
1497 1999 1563 2036 do-

309 2077 426 2101 mum
454 2065 602 2113 potius,
637 2078 762 2113 quam
794 2065 1018 2112 barbaram,
1053 2064 1192 2112 feram,
1228 2063 1564 2113 incredulamque

309 2130 485 2177 gentem,
510 2129 625 2167 cuius
651 2143 703 2166 ne
729 2129 913 2179 linguam
935 2129 1102 2179 quidem
1128 2118 1308 2176 nossent,
1333 2129 1442 2166 adire
1463 2129 1564 2178 cogi-

309 2194 462 2242 tabant,
487 2196 527 2232 et
556 2195 633 2232 hoc
659 2208 746 2233 esse
773 2195 904 2233 tutius
930 2194 1167 2232 communi⁵
1187 2194 1357 2232 consilio
1378 2194 1562 2232 decerne-

308 2260 418 2298 bant.
480 2260 564 2297 Nec
592 2274 718 2309 mora,
750 2260 1047 2309 Augustinum,
1082 2273 1205 2309 quem
1234 2260 1292 2297 eis
1326 2260 1562 2309 episcopum

311 2325 598 2373 ordinandum,
629 2326 664 2363 si
693 2326 743 2364 ab
772 2326 923 2375 Anglis
952 2326 1265 2375 susciperentur,
1291 2326 1556 2374 disposuerat,

311 2392 481 2428 domum
502 2391 728 2439 remittunt,
752 2392 823 2440 qui
843 2405 866 2429 a
884 2392 1000 2429 beato
1021 2391 1214 2440 Gregorio
1240 2390 1392 2428 humili
1411 2390 1559 2440 suppli-

309 2458 401 2493 catu
434 2456 647 2504 obtineret,
681 2470 732 2494 ne
760 2459 845 2494 tam
873 2456 1155 2506 periculosam,
1187 2458 1271 2494 tam
1303 2455 1558 2504 laboriosam,

354 2550 363 2566 ¹
389 2551 454 2580 —cis
464 2548 523 2580 M1.
634 2549 645 2566 ²
669 2552 765 2581 -rent
776 2551 815 2581 B.
937 2550 950 2568 ³
973 2560 1091 2581 romae
1109 2549 1166 2582 M¹.
1293 2549 1304 2567 4
1328 2551 1447 2589 itaque
1464 2550 1499 2581 C.
1520 2550 1561 2581 D.

311 2601 322 2619 ⁵
346 2602 506 2632 omnium
525 2602 566 2633 N.
1384 2608 1386 2610 ’

1588 373 1608 400 f.
1628 382 1659 407 14
1674 373 1701 400 b.

1589 631 1722 659 Romxi.
1733 641 1755 660 2.
1765 643 1767 668 J
