1803 2887
278 148 357 179 CAP.
377 144 433 186 11.]
677 139 827 181 Gentis
859 139 1128 193 Anylorum.
1452 142 1532 182 129

278 251 416 299 fertur,
442 252 535 301 quia
550 252 655 291 facta
671 254 794 291 citato
810 268 930 304 opere
945 269 1070 303 cruce,
1091 270 1134 294 ac
1150 256 1269 294 fouea
1283 258 1528 304 praeparata,

279 316 322 354 in
344 331 421 366 qua
442 318 567 356 statui
588 319 764 367 deberet,
788 320 876 369 ipse
896 320 976 358 fide
996 321 1159 359 feruens
1174 322 1280 359 hanc
1301 320 1528 369 arripuerit,

277 394 322 419 ac
359 384 501 422 foueae
538 385 774 434 inposuerit,
817 388 938 435 atque
977 390 1148 435 utraque
1186 400 1312 424 manu
1357 388 1533 423 erectam

277 449 455 486 tenuerit
473 449 494 497 ¹,
535 451 660 488 donec
699 452 866 500 adgesto
904 466 928 490 a
964 453 1168 490 militibus
1201 453 1369 501 puluere
1402 454 1534 489 terrae

276 512 492 562 figeretur;
532 518 572 553 et
604 517 681 553 hoc
710 516 826 564 facto,
863 517 967 555 elata
992 518 1036 555 in
1072 518 1203 556 altum
1235 532 1332 556 uoce
1362 515 1533 555 cuncto2

275 580 470 617 exercitui
495 581 834 629 proclamauerit:
870 583 1127 621 ‘Flectamus
1153 597 1296 621 omnes
1322 596 1465 632 genua,
1493 584 1533 619 et

276 644 411 682 Deum
429 647 440 665 '³’
462 646 800 696 omnipotentem,
826 648 984 695 uiuum,
1009 662 1054 686 ac
1080 662 1224 686 uerum
1248 649 1293 686 in
1314 661 1532 686 commune

275 710 548 759 deprecemur,
587 714 632 750 ut
664 726 740 750 1105
773 713 822 750 ab
857 713 975 751 hoste
1006 714 1182 763 superbo
1216 728 1260 752 ac
1295 714 1425 751 feroce
1460 727 1532 751 sua

274 775 537 814 miseratione
567 777 786 824 defendat;
817 778 892 816 scit
923 779 1036 816 enim
1071 780 1167 828 ipse,
1202 780 1297 828 quia
1323 780 1429 817 iusta
1458 792 1532 828 pro

273 843 405 880 salute
443 843 578 892 gentis
615 845 778 881 nostrae
819 844 927 882 bella
971 845 1254 894 suscepimus.'
1331 845 1531 882 Fecerunt

273 920 428 955 omnes,
453 910 500 946 ut
519 908 703 956 iusserat,
729 911 769 946 et
789 909 846 946 sic
866 909 1087 958 incipiente
1104 910 1285 947 diluculo
1305 909 1348 946 in
1368 910 1530 947 hostem

272 974 485 1022 progressi,
510 973 622 1012 iuxta
644 974 840 1012 meritum
862 987 957 1012 suae
972 975 1068 1012 fidei
1089 975 1259 1012 uictoria
1280 974 1401 1024 potiti
1416 978 1525 1013 sunt.

272 1039 326 1076 In
350 1039 465 1076 0111115
490 1039 579 1078 1000
604 1040 800 1077 orationis
831 1039 1072 1078 innumerae
1099 1040 1275 1078 uirtutes
1304 1040 1529 1078 sanitatum

272 1107 502 1143 noscuntur
547 1119 634 1143 esse
674 1108 867 1155 patratae.
911 1107 962 1144 ad
1004 1106 1206 1144 indicium
1251 1106 1441 1143 uidelicet
1485 1119 1529 1143 ac

271 1170 514 1208 memoriam
549 1170 671 1208 fidei4
706 1171 823 1220 regis.
883 1172 989 1209 Nam
1021 1174 1061 1209 et
1092 1185 1221 1221 usque
1251 1172 1373 1209 hodie
1406 1171 1529 1209 multi

272 1236 321 1273 de
341 1236 429 1285 ipso
449 1236 561 1285 ligno
577 1239 850 1274 sacrosanctae
867 1237 997 1275 crucis
1013 1238 1165 1276 astulas
1181 1237 1364 1275 excidere
1380 1237 1524 1284 solent,

272 1314 372 1350 quas
406 1315 499 1339 cum
528 1302 571 1339 in
602 1315 726 1351 aquas
743 1300 756 1321 5
784 1303 987 1350 miserint,
1023 1303 1160 1351 eisque
1188 1303 1433 1352 languentes
1462 1302 1530 1340 ho—

271 1367 405 1405 mines
435 1370 505 1405 aut
536 1369 711 1417 pecudes
744 1368 987 1417 potauerint,
1024 1368 1112 1406 siue
1142 1368 1398 1417 asperserint,
1432 1381 1529 1406 mox

271 1433 436 1471 sanitati
457 1434 741 1471 restituuntur.

325 1498 506 1536 Uocatur
543 1499 656 1537 locus
689 1499 759 1537 ille
793 1500 934 1548 lingua
973 1500 1206 1549 Anglorum
1241 1499 1523 1546 Hefenfelthss,

271 1565 379 1612 quod
411 1564 491 1601 (1101
520 1567 653 1613 potest
688 1564 813 1602 latine
844 1564 1028 1602 caelestis
1062 1578 1240 1614 campus,
1277 1566 1385 1614 quod
1419 1568 1528 1603 certo

270 1629 413 1678 utique
432 1630 638 1678 praesagio
657 1630 894 1667 futurorum
920 1630 1150 1679 antiquitus
1174 1644 1326 1668 nomen
1350 1631 1501 1679 accepit
1520 1646 1528 1678 3

270 1694 506 1744 significans
532 1695 743 1741 nimirum,
772 1695 879 1743 quod
910 1696 1063 1733 ibidem
1090 1697 1262 1734 caeleste
1287 1697 1528 1746 erigendum

271 1762 494 1809 tropaeum,
520 1760 704 1798 caelestis
732 1760 963 1799 inchoanda
991 1761 1174 1809 uictoria,
1194 1762 1383 1800 caelestia
1398 1776 1528 1811 usque

270 1825 391 1864 hodie
423 1826 557 1863 forent
590 1826 787 1863 miracula
825 1827 1076 1864 celebranda.
1135 1828 1209 1865 Est
1242 1830 1381 1865 autem
1414 1828 1528 1866 locus

268 1891 382 1929 iuxta
404 1905 570 1928 murum
599 1891 721 1929 illum
747 1891 796 1928 ad
822 1892 1067 1940 aquilonem,
1093 1906 1172 1942 quo
1200 1893 1378 1930 Romani
1401 1907 1527 1942 quon-

269 1957 365 1995 dam
399 1958 449 1995 ob
478 1958 672 1995 arcendos
700 1957 965 1995 barbarorum
996 1958 1177 2007 impetus
1208 1960 1338 1996 totam
1372 1972 1393 1996 a
1423 1959 1527 1996 mari

270 2023 319 2060 ad
348 2036 462 2060 mare
490 2023 750 2072 praecinxere
785 2023 1047 2071 Brittaniam,
1074 2026 1118 2062 ut
1147 2037 1268 2072 supra
1298 2024 1522 2063 docuimus.

270 2088 324 2126 In
337 2103 416 2138 quo
429 2088 621 2127 uidelicet
637 2089 724 2126 1000
741 2089 1083 2127 consuetudinem
1096 2090 1230 2127 multo
1245 2090 1327 2127 iam
1342 2092 1526 2139 tempore

268 2154 449 2192 fecerant
487 2154 633 2192 fratres
671 2154 1016 2203 Hagustaldensis
1055 2154 1256 2202 ecclesiae,
1301 2168 1402 2203 quae
1440 2169 1526 2193 non

267 2219 389 2268 longe
403 2220 527 2267 abest,
545 2220 813 2258 aduenientes
833 2219 948 2257 omni
964 2233 1073 2257 anno
1094 2220 1225 2269 pridie
1242 2234 1366 2269 quam
1386 2224 1526 2269 postea

268 2283 376 2322 idem
397 2298 468 2322 rex
484 2285 637 2323 Osuald
651 2286 663 2304 7
684 2284 840 2322 occisus
855 2287 927 2331 est,
948 2285 1110 2334 uigilias
1124 2299 1198 2334 pro
1214 2286 1345 2323 salute
1364 2286 1525 2325 animae

268 2349 355 2387 eius
387 2349 527 2398 facere,
566 2350 827 2399 plurimaque
865 2350 1119 2399 psalmorum
1157 2351 1277 2388 laude
1311 2351 1520 2399 celebrata,

268 2414 481 2453 uictimam
507 2429 580 2464 pro
606 2428 652 2453 eo
677 2429 798 2453 mane
824 2429 958 2453 sacrae
984 2416 1202 2454 oblationis
1228 2416 1382 2454 offerre.
1446 2416 1525 2465 Qui

309 2510 319 2528 ¹
344 2513 480 2542 teneret
497 2513 542 2543 M.
559 2512 620 2550 HI.
677 2512 688 2529 ²
712 2513 855 2544 cunctui
872 2512 930 2544 Ml.
987 2513 998 2530 ³
1023 2514 1208 2544 dominum
1227 2515 1272 2545 M.
1331 2514 1341 2531 ⁴
1365 2514 1448 2544 fidei
1466 2525 1523 2545 om.

267 2562 313 2593 M.
330 2563 387 2602 HI.
466 2563 478 2581 ⁵
501 2574 629 2603 aquam
647 2564 706 2596 Ml.
781 2563 792 2580 ⁶
815 2564 902 2595 —feld
919 2565 954 2595 C.
973 2565 1039 2604 N²;
1065 2565 1148 2596 -fied
1164 2566 1218 2598 N1.
1286 2564 1297 2581 ⁷
1321 2566 1469 2597 osuuald
1487 2566 1524 2597 C.

880 2631 909 2655 K

1552 1508 1585 1533 at
1602 1506 1721 1534 Hefen-

1552 1545 1644 1573 felth.
