1803 2887
594 165 859 221 Eeybertwn
890 164 1177 220 Episcopum.
1431 160 1516 201 413

257 295 412 332 scopos,
436 283 653 332 postquam
681 281 731 318 ad
755 280 880 317 fidem
907 277 1133 326 uenirent¹,
1158 276 1407 316 ordinandos
1431 288 1517 313 esse

259 348 467 396 decreuit;
509 347 554 384 in
593 346 742 396 quibus
772 344 1042 383 Eboracensis
1079 343 1262 390 antistes,
1300 343 1462 390 accepto
1495 354 1516 378 a

256 414 352 452 sede
390 412 609 462 apostolica
646 411 783 461 pallio,
826 409 1170 459 metropolitanus
1212 420 1299 445 esse
1337 406 1511 444 deberet.

257 479 390 527 Quem
428 478 608 527 profecto
645 488 869 514 numerum
908 475 1193 524 episcoporum
1226 472 1355 511 uelim
1393 472 1516 509 modo

255 546 326 582 tua
345 544 484 582 sancta
502 542 736 592 paternitas,
756 541 1038 591 patrocinante
1057 539 1257 589 praesidio
1275 538 1454 588 piissimi
1473 551 1517 575 ac

256 609 344 646 Deo
374 609 514 647 dilecti
542 608 649 657 regis
676 606 857 657 praefati,
883 606 1068 644 sollerter
1087 605 1260 655 implere
1280 604 1512 643 contendat.

257 674 460 724 quatinus,
491 673 728 712 abundante
757 685 931 710 numero
961 671 1264 720 magistrorum,
1297 668 1517 719 perfectius

255 739 423 778 ecclesia
442 739 596 778 Christi
615 739 659 776 in
680 738 755 785 his,
777 750 878 787 quae
894 737 944 775 ad
961 736 1121 774 cultum
1142 748 1275 774 sacrae
1295 734 1517 786 religionis

254 805 475 855 pertinent,
506 804 760 842 instituatur.
822 803 877 841 Et
906 801 1073 851 quidem
1104 801 1298 839 nouimus
1325 801 1419 850 quia
1444 814 1517 850 per

254 870 457 908 incuriam
487 882 631 919 regum
655 868 997 918 praecedentium,
1023 867 1345 917 donationesque
1364 866 1517 905 stultis-

254 936 380 974 simas
417 936 574 973 factum
612 936 684 982 est,
728 936 775 972 ut
812 947 898 971 non
935 933 1054 971 facile
1092 933 1205 971 locus
1242 946 1402 980 uacans,
1445 932 1516 970 ubi

254 1002 370 1039 sedes
399 1000 637 1050 episcopalis
666 1013 774 1037 noua
802 999 892 1037 fieri
921 999 1075 1046 debeat,
1109 998 1290 1036 inueniri
1319 999 1465 1037 ualeat.

313 1079 371 1105 10.
407 1066 662 1115 Quapropter
682 1065 949 1102 commodum
971 1064 1169 1112 duxerim,
1189 1064 1328 1102 habito
1342 1063 1355 1083 ²
1370 1063 1515 1102 maiori
1539 1069 1606 1114 'Rhe
1622 1078 1692 1114 nexy

255 1131 426 1170 concilio
447 1133 486 1168 et
508 1143 721 1177 consensu,
746 1130 973 1179 pontificali
993 1130 1118 1167 simul
1138 1131 1178 1168 et
1207 1129 1334 1179 regali
1350 1129 1362 1148 ³
1383 1129 1514 1167 edicto
1538 1108 1719 1183 Ξζξοξζπς

252 1197 522 1248 prospiciatur
552 1197 665 1234 locus
696 1196 845 1245 aliquis
877 1195 1236 1243 monasteriorum,
1270 1195 1342 1233 ubi
1375 1195 1514 1233 sedes4
1538 1188 1717 1255 3³13?ssin

254 1264 325 1302 fiat
365 1262 605 1312 episcopalis
619 1262 644 1301 ⁵.
720 1262 775 1300 Et
813 1262 890 1299 ne6
928 1261 1033 1299 forte
1068 1261 1192 1300 abbas
1221 1261 1290 1299 uel
1321 1261 1515 1299 monachi
1538 1250 1680 1312 monas-⁰

253 1330 349 1368 huic
370 1329 529 1367 decreto
553 1327 753 1366 contraire
778 1341 823 1366 ac
851 1327 1039 1365 resistere
1062 1327 1370 1377 temptauerint,
1396 1328 1516 1365 detur
1538 1309 1644 1335 tenes.

253 1395 339 1433 illis
359 1395 534 1442 licentia,
560 1397 605 1432 ut
626 1395 676 1432 de
696 1394 780 1432 suis
804 1393 883 1443 ipsi
904 1393 1059 1443 eligant
1080 1406 1187 1441 eum,
1212 1392 1283 1442 qui
1302 1392 1515 1442 episcopus

253 1461 476 1505 ordinetur,
498 1463 537 1498 et
553 1460 826 1498 adiacentium
842 1459 1036 1507 locorum,
1057 1461 1261 1509 quotquot
1276 1460 1326 1497 ad
1343 1460 1515 1497 eandem

253 1526 448 1565 diocesim
465 1527 477 1546 ⁷
498 1526 740 1575 pertineant,
765 1538 847 1563 una
868 1538 963 1562 cum
983 1525 1071 1574 ipso
1098 1525 1346 1563 monasterio
1374 1538 1515 1563 curam

252 1594 365 1642 gerat
397 1591 696 1641 episcopalem3
726 1593 808 1639 aut,
836 1591 870 1628 si
898 1591 1003 1629 forte
1032 1591 1078 1628 in
1106 1591 1195 1640 ipso
1226 1591 1475 1630 monasterio
1489 1592 1511 1639 Β,

253 1658 325 1707 qui
363 1658 576 1708 episcopus
617 1657 796 1695 ordinari
832 1657 986 1704 debeat,
1019 1656 1203 1694 inueniri
1240 1659 1427 1706 nequeat,
1470 1657 1514 1696 in

250 1723 435 1772 ipsorum
451 1726 591 1761 tamen
605 1723 718 1761 iuxta
732 1725 883 1761 stat-uta
900 1735 1105 1761 canonum
1118 1722 1294 1772 pendeat
1310 1723 1510 1771 examine,

252 1790 322 1839 qui
344 1789 393 1827 de
414 1803 486 1827 sua
507 1789 654 1827 diocesi
675 1789 889 1826 ordinetur
908 1788 1090 1827 antistes.
1153 1788 1269 1836 Quod
1290 1790 1324 1826 si
1344 1790 1422 1827 hoc
1442 1790 1509 1837 ita,

250 1858 297 1893 ut
318 1855 588 1905 suggerimus,
615 1854 796 1893 Domino
816 1854 1049 1901 adiuuante,
1074 1854 1299 1903 perfeceris,
1319 1854 1514 1893 facillime

251 1921 375 1959 etiam
389 1922 411 1969 ⁹,
436 1923 483 1959 ut
510 1921 767 1968 arbitramur,
797 1921 874 1958 1100
900 1920 1114 1967 obtinebis,
1140 1922 1186 1958 ut
1213 1920 1328 1959 iuxta
1355 1921 1514 1959 decreta

251 1987 360 2025 sedis
379 1986 638 2036 apostolicae,
658 1987 927 2024 Eboracensis
953 1986 1119 2024 ecclesia
1145 1986 1513 2035 metropolitanum

250 2053 377 2102 possit
419 2052 569 2090 habere
612 2052 861 2102 pontificem.
927 2052 990 2090 Ac
1028 2051 1064 2089 si
1108 2065 1210 2101 opus
1249 2065 1336 2089 esse
1374 2051 1513 2090 uisum

249 2118 385 2165 fuerit,
407 2120 452 2155 ut
468 2118 542 2155 tali
558 2118 819 2165 monasterio,
840 2131 958 2155 causa
978 2117 1234 2167 episcopatus
1246 2117 1508 2166 suscipiendi,

248 2184 430 2232 amplius
450 2183 605 2233 aliquid
618 2183 802 2222 locorum
819 2197 863 2221 ac
876 2183 1182 2232 possessionum
1197 2183 1337 2233 augeri
1352 2184 1507 2229 debeat,

249 2251 347 2287 sunt
376 2249 464 2287 loca
476 2248 503 2269 ¹⁰
532 2249 761 2297 innumera,
796 2251 843 2287 ut
870 2249 1064 2287 nouimus
1094 2262 1249 2296 omnes,
1282 2249 1379 2287 stilo
1408 2250 1510 2288 stul-

248 2313 450 2353 11551111011
481 2315 524 2353 111
562 2314 907 2353 monasteriorum
938 2314 1113 2364 ascripta
1146 2314 1405 2363 uocabulum,
1439 2316 1510 2354 sed

293 2441 303 2458 ¹
326 2443 505 2472 uenerunt
522 2442 568 2472 H.
677 2440 689 2457 ²
713 2443 767 2472 -tu
784 2441 831 2472 H.
921 2439 933 2457 ³
955 2441 1155 2481 pontificali
1175 2467 1181 2473 .
1199 2466 1207 2473 .
1231 2466 1237 2473 .
1255 2442 1365 2481 regali
1380 2452 1438 2473 om.
1460 2442 1506 2473 H.

248 2492 258 2509 ¹
284 2493 377 2523 sedis
393 2493 440 2524 H.
547 2493 559 2511 ⁵
582 2494 687 2533 episc.
708 2493 769 2524 fiat
788 2494 834 2524 M.
934 2492 945 2510 ⁶
968 2504 1014 2524 ne
1032 2505 1089 2525 om.
1111 2494 1156 2526 M.
1249 2492 1260 2510 ⁷
1284 2494 1445 2525 (1105151111
1463 2495 1511 2525 M.

248 2543 259 2560 Β
283 2555 403 2575 curam
423 2569 430 2576 .
451 2569 458 2576 .
481 2569 488 2576 .
506 2569 514 2576 .
535 2546 748 2576 monasterio
765 2548 862 2576 added
879 2556 918 2576 on
933 2549 1058 2584 margin
1075 2547 1121 2578 H.
1219 2546 1230 2564 ⁹
1255 2546 1365 2578 etiam
1381 2557 1442 2578 om.
1460 2546 1507 2577 H.

250 2596 273 2613 ¹⁰
296 2597 369 2627 loca
387 2608 443 2628 om.
464 2597 509 2628 H.
600 2597 627 2617 11
653 2598 735 2629 stilo
751 2598 850 2630 stult.
870 2608 928 2629 om.
950 2598 995 2629 M.
