1788 2928
728 202 957 257 Occpz'z‘ula.
1348 203 1502 245 clxxiii

612 320 824 350 CAPITULA
852 321 975 348 LIBRI
1002 320 1067 349 111.

177 369 194 386 ί·
197 369 240 388 ΑΡ.
1436 367 1500 386 PAG.

175 408 201 435 Ι.
226 408 273 435 De
288 406 380 435 obitu
391 404 479 434 beati
492 413 596 440 papae
610 404 761 440 Gregorii
786 425 793 432 .
877 425 884 433 .
967 425 974 432 .
1058 425 1065 432 .
1151 425 1158 433 .
1331 427 1337 434 .
1421 426 1427 433 .
1471 415 1502 440 73

176 458 219 486 ΙΙ.
244 458 289 486 Ut
313 456 518 492 Augustinus
539 456 740 483 Brettonum
764 455 928 489 episcopos
951 463 1010 489 pro
1026 463 1104 489 pace
1129 426 1301 489 catholica,
1321 455 1423 483 etiam

292 496 451 523 miraculo
478 494 609 522 caelesti
637 503 747 522 coram
775 494 821 522 eis
848 495 944 529 facto,
976 493 1161 529 monuerit3
1197 503 1322 529 quaeue
1349 494 1422 522 illos

291 536 481 570 spernentes
494 534 578 561 ultio
592 536 705 561 secuta
719 533 762 561 sit
785 555 790 561 .
875 554 881 561 .
964 555 970 561 .
1053 555 1060 561 .
1146 554 1153 560 .
1235 554 1243 561 .
1327 554 1334 562 .
1417 555 1424 562 .
1467 536 1499 562 81

175 585 237 613 ΙΠ.
260 586 305 613 Ut
319 585 407 613 idem
418 584 585 612 Mellitum
599 593 637 612 ac
651 584 784 612 Iustum
794 583 957 618 episcopos
968 583 1101 618 fecerit;
1122 585 1155 612 et
1166 584 1206 611 de
1219 583 1311 612 obitu
1322 583 1426 618 ipsius
1467 586 1500 619 85

175 636 229 663 IV.
253 636 297 663 Ut
320 634 517 663 Laurentius
542 643 618 662 cum
643 633 839 669 coepiscopis
864 633 932 661 suis
956 634 1084 661 Scottos
1102 633 1269 662 unitatem
1288 636 1421 662 sanctae

293 674 447 702 ecciesiae
471 674 614 701 maxime
638 673 674 700 in
698 673 821 708 pascha
845 673 1050 701 obseruando
1075 673 1166 708 sequi
1190 673 1366 708 monuerit,
1389 677 1422 701 et

291 716 330 741 ut
344 713 491 741 Mellitus
505 714 645 740 Romam
659 713 790 741 uenerit
871 733 878 740 .
962 733 969 740 .
1052 733 1059 740 .
1143 734 1150 740 .
1233 734 1240 740 .
1323 734 1331 740 .
1415 734 1421 740 .
1465 714 1501 740 86

174 764 211 791 V.
235 763 280 791 Ut
301 763 466 791 defunctis
482 763 692 790 Aedilbercto
712 764 744 790 et
766 763 920 790 Sabercto
939 762 1069 797 regibus
1088 770 1289 790 successores
1309 771 1423 790 eorum

289 802 479 830 idolatriam
497 802 737 838 resuscitarint‚
753 802 793 829 ob
812 802 898 836 quod
913 804 945 829 et
961 802 1109 830 Mellitus
1123 811 1162 830 ac
1176 802 1287 830 Iustus
1301 811 1321 830 a
1335 802 1421 830 Brit-

288 842 383 870 tania
397 841 607 870 discesserint
687 862 695 870 .
779 862 785 869 .
869 862 875 869 .
959 862 966 869 .
1051 862 1058 869 .
1143 862 1149 868 .
1233 864 1238 870 .
1322 863 1329 870 .
1413 863 1420 869 .
1463 844 1500 878 89

173 892 228 920 VI.
252 892 296 920 Ut
316 894 483 927 correptus
504 892 544 919 ab
562 891 707 926 apostolo
725 891 822 920 Petro
844 891 1043 919 Laurentius
1064 891 1292 919 Aeodbaldum
1310 901 1421 927 regem

289 932 332 959 ad
357 931 526 959 Christum
550 931 761 965 conuerterit,
787 931 844 966 qui
867 940 942 958 mox
968 931 1135 959 Mellitum
1158 934 1191 958 et
1219 931 1350 959 Iustum
1377 932 1419 959 ad

288 971 548 1005 praedicandum
562 970 767 998 reuocauerit
783 992 790 998 .
873 992 879 999 .
964 991 970 998 .
1053 992 1060 1000 .
1143 992 1150 998 .
1234 992 1240 998 .
1323 992 1330 998 .
1414 992 1420 998 .
1463 981 1498 1007 92

173 1021 246 1049 VII.
269 1021 314 1049 Ut
330 1021 476 1048 Mellitus
500 1021 668 1056 episcopus
690 1021 842 1049 flammas
861 1020 1009 1048 ardentis
1031 1029 1109 1049 suae
1130 1020 1277 1049 ciuitatis
1296 1022 1421 1049 orando

289 1060 603 1088 restinxerit..
685 1080 694 1089 .
778 1082 785 1088 .
869 1081 876 1088 .
960 1081 967 1088 .
1051 1081 1058 1088 .
1142 1081 1149 1088 .
1233 1081 1239 1088 .
1414 1082 1420 1088 .
1464 1070 1499 1096 93

172 1111 265 1138 VIII.
289 1111 334 1139 Ut
348 1110 536 1139 Bonifatius
550 1119 635 1146 papa
649 1111 743 1139 Iusto
758 1110 938 1139 successori
953 1110 1021 1139 eius
1037 1110 1177 1146 pallium
1191 1113 1224 1139 et
1242 1110 1420 1145 epistulam

289 1150 415 1178 miserit
503 1171 510 1178 .
594 1172 601 1178 .
684 1171 691 1178 .
777 1171 783 1178 .
867 1171 874 1178 .
958 1171 964 1177 .
1140 1171 1147 1178 .
1232 1171 1238 1178 .
1322 1172 1329 1178 .
1412 1172 1419 1178 .
1463 1160 1497 1187 95

171 1200 228 1229 IX.
251 1201 300 1228 De
324 1201 462 1236 imperio
482 1200 568 1236 regis
589 1201 740 1235 Aeduini,
757 1204 789 1229 et
810 1203 848 1228 ut
866 1200 1005 1229 ueniens
1019 1171 1062 1228 ati
1077 1200 1374 1235 euangelizandum
1389 1201 1419 1229 ei

287 1240 447 1268 Paulinus
466 1240 572 1275 primo
590 1240 695 1268 filiam
714 1222 784 1268 eius
805 1249 881 1268 cum
900 1240 974 1268 aliis
994 1240 1072 1268 fidei
1087 1240 1295 1268 Christianae
1314 1249 1420 1269 sacra-

288 1280 410 1307 mentis
424 1279 571 1307 inbuerit
596 1301 602 1307 .
686 1301 693 1307 .
776 1301 783 1307 .
867 1301 874 1307 .
959 1301 965 1307 .
1050 1301 1056 1307 .
1141 1301 1147 1307 .
1231 1301 1238 1307 .
1322 1301 1330 1308 .
1413 1302 1419 1308 .
1463 1290 1498 1317 97

171 1330 209 1357 X.
232 1330 277 1358 Lt
293 1338 377 1364 papa
389 1329 576 1358 Bonifatius
590 1330 733 1358 eundem
751 1338 862 1365 regem
876 1329 984 1357 missis
999 1329 1121 1358 litteris
1135 1329 1178 1357 sit
1193 1329 1348 1358 hortatus
1363 1331 1406 1358 ad

288 1369 388 1396 fidem
486 1390 492 1397 .
576 1390 583 1397 .
666 1390 673 1396 .
757 1390 764 1397 .
848 1391 854 1397 .
938 1390 945 1397 .
1029 1390 1035 1396 .
1120 1390 1127 1397 .
1301 1390 1308 1397 .
1392 1391 1399 1398 .
1446 1380 1498 1398 loo

170 1418 226 1446 XI.
250 1419 295 1446 Ut
309 1418 482 1454 coniugem
496 1418 609 1454 ipsius,
626 1427 685 1452 per
704 1418 890 1453 epistulam.
908 1418 1025 1446 salutis
1039 1417 1130 1446 1111115
1144 1393 1293 1446 sedulam
1308 1427 1404 1454 agere

288 1467 403 1486 euram
417 1457 585 1485 monuerit
666 1479 673 1485 .
757 1479 763 1485 .
846 1479 853 1485 .
939 1479 946 1485 .
1029 1479 1037 1485 .
1119 1479 1126 1485 .
1210 1479 1217 1486 .
1301 1479 1308 1485 .
1392 1480 1399 1486 .
1445 1467 1497 1493 104

170 1508 245 1536 XII.
268 1509 314 1536 Ut
327 1508 469 1536 Aeduini
487 1517 546 1543 per
560 1508 723 1536 uisionem
737 1509 905 1543 quondam
919 1508 982 1536 sibi
997 1508 1087 1537 exuli
1107 1510 1276 1537 ostensam
1297 1509 1340 1537 sit
1361 1510 1404 1537 ad

286 1548 489 1576 credendum
502 1550 698 1583 prouocatus
760 1569 766 1576 .
851 1570 857 1576 .
940 1569 947 1575 .
1030 1569 1037 1575 .
1121 1569 1128 1576 .
1212 1570 1219 1576 .
1303 1570 1310 1576 .
1393 1570 1400 1577 .
1446 1550 1497 1577 106

169 1598 262 1626 XIII.
286 1598 387 1631 Quale
403 1598 576 1626 consilium
588 1598 676 1626 idem
688 1607 764 1626 cum
774 1598 971 1632 primatibus
984 1598 1051 1626 suis
1063 1599 1102 1626 (le
1114 1598 1325 1633 percipienda
1339 1599 1404 1627 fide

286 1638 408 1666 Christi
421 1638 592 1673 habuerit;
614 1641 647 1666 et
660 1640 698 1666 ut
712 1638 863 1672 pontifex
878 1638 947 1665 eius
962 1646 1038 1665 suas
1052 1646 1126 1666 aras
1139 1639 1366 1672 profanauerit
1398 1660 1404 1666 .
1450 1649 1493 1667 111

170 1688 256 1716 XIV.
279 1689 324 1716 Ut
348 1688 438 1716 idem
464 1688 609 1716 Aeduini
633 1697 710 1717 cum
733 1697 793 1716 sua
820 1692 918 1724 gente
942 1688 1050 1717 fidelis
1074 1688 1117 1716 sit
1142 1689 1250 1717 factus
1263 1699 1268 1724 ;
1291 1691 1324 1717 et
1346 1690 1403 1717 ubi

285 1728 444 1756 Paulinus
459 1728 678 1763 baptizauerit
759 1750 766 1756 .
849 1750 856 1756 .
940 1749 948 1757 .
1030 1749 1037 1756 .
1121 1749 1128 1755 .
1212 1750 1218 1756 .
1302 1750 1310 1756 .
1393 1750 1400 1757 .
1448 1739 1457 1756 x
1466 1739 1494 1764 13

169 1778 237 1806 XV.
262 1778 307 1806 Ut
320 1778 493 1813 prouincia
507 1778 730 1807 Orientalium
744 1779 929 1814 Anglorum
944 1778 1043 1807 fidem
1059 1778 1183 1807 Christi
1197 1779 1377 1814 susceperit
1396 1801 1403 1807 .
1450 1789 1495 1814 ¹15

169 1828 254 1857 XVI.
276 1829 321 1856 Ut
336 1828 495 1856 Paulinus
516 1829 552 1856 in
574 1828 746 1864 prouincia
760 1829 906 1856 Lindissi
924 1829 1175 1865 praedicanerit,
1192 1832 1223 1856 et
1239 1830 1279 1857 de
1299 1830 1404 1865 quali-

284 1870 353 1896 tate
366 1869 463 1903 regni
477 1868 621 1896 Aeduini
681 1889 688 1896 .
1395 1892 1400 1895 .
1448 1879 1495 1905 117

168 1918 273 1946 XVII
296 1919 341 1946 Ut
356 1919 443 1946 idem
457 1919 498 1946 ab
510 1919 656 1946 Honorio
669 1928 754 1954 papa
769 1918 1008 1946 exhortatorias
1019 1918 1148 1947 litteras
1162 1891 1334 1955 acceperit,
1346 1919 1403 1955 qui

285 1958 385 1986 etiam
400 1958 539 1986 Paulino
552 1958 693 1993 pallium
707 1958 947 1986 miserit..
1032 1980 1039 1986 .
1123 1980 1130 1986 .
1215 1980 1221 1986 .
1305 1980 1312 1986 .
1392 1981 1399 1987 .
1447 1962 1494 1987 118

167 2009 290 2037 XVIII.
314 2010 359 2038 Ut
374 2010 549 2045 Honorius.
563 2010 620 2045 qui
635 2010 750 2037 Iusto'
742 2019 777 2037 111
792 2010 1015 2045 episcopatum
1032 2009 1290 2038 Dorouernensis
1304 2011 1403 2039 eccle-

283 2049 349 2077 siae
376 2049 539 2085 successit,
561 2050 602 2078 ab
629 2050 744 2078 eodem
770 2058 856 2084 papa
879 2049 1025 2077 Honorio
1046 2049 1186 2084 pallium
1213 2052 1245 2077 et
1273 2050 1403 2079 litteras

284 2088 447 2124 acceperit
501 2111 507 2118 .
590 2110 596 2117 .
858 2111 863 2118 .
947 2111 953 2117 .
1036 2111 1042 2117 .
1125 2111 1131 2117 .
1214 2111 1221 2117 .
1303 2111 1309 2118 .
1393 2111 1400 2117 .
1445 2099 1495 2117 120

168 2138 256 2166 XIX.
279 2139 325 2166 Ut
358 2138 464 2174 primo
489 2138 577 2167 idem
606 2139 772 2166 Honorius
797 2142 829 2167 et
857 2142 928 2174 post
958 2139 1125 2166 Iohannes
1152 2139 1282 2168 litteras
1308 2139 1402 2175 genti

283 2178 470 2206 Scottorum
484 2187 544 2214 pro
557 2179 682 2214 pascha
697 2179 798 2206 simul
812 2180 845 2206 et
859 2188 919 2213 pro
934 2178 1112 2214 Pelagiana
1130 2178 1238 2207 heresi
1252 2179 1382 2208 miserit
1395 2201 1401 2207 .
1447 2188 1494 2207 122

168 2228 236 2256 XX.
260 2229 305 2256 Ut
317 2229 421 2257 occiso
429 2229 579 2257 Aeduine
591 2229 750 2257 Paulinus
762 2229 916 2257 Cantiam
925 2229 1056 2257 rediens
1067 2229 1237 2257 Hrofensis
1246 2229 1401 2258 ecclesiae

281 2269 507 2303 praesulatum
520 2268 699 2304 susceperit
709 2269 721 2285 ²
757 2290 763 2296 .
846 2290 853 2296 .
937 2290 944 2296 .
1027 2290 1034 2296 .
1118 2290 1125 2297 .
1209 2290 1216 2297 .
1300 2291 1307 2297 .
1390 2290 1398 2297 ,
1444 2278 1493 2303 12⁴

200 2339 210 2356 l
228 2340 313 2364 After
325 2340 374 2365 the
387 2342 450 2365 text
463 2340 494 2364 of
506 2340 586 2365 Book
600 2340 630 2365 1:
650 2340 769 2372 explicit
787 2340 861 2364 liber
872 2340 983 2371 primus
999 2340 1103 2372 incipit
1121 2340 1272 2367 secundus.
1309 2340 1386 2365 Haec
1405 2341 1495 2365 conti-

167 2376 272 2397 nentur
284 2373 315 2398 in
326 2373 400 2398 libro
417 2374 540 2398 secundo
553 2374 690 2398 historiae
708 2374 912 2398 ecclesiasticae
925 2374 1018 2405 gentis
1035 2374 1194 2405 anglorum,
1209 2374 1247 2399 M.
1286 2374 1331 2405 So,
1353 2375 1493 2406 inserting

167 2406 241 2430 liber
251 2406 348 2431 before
359 2407 507 2439 secundus⁷
522 2408 554 2434 B.
579 2407 668 2433 Finit.
678 2408 824 2439 incipiunt
837 2407 965 2439 capitula
977 2407 1046 2432 libri
1059 2407 1186 2434 secundi.
1216 2408 1294 2432 Haec
1306 2408 1493 2432 continentur

167 2439 197 2463 in
215 2440 235 2465 l.
253 2447 275 2466 s,
293 2441 357 2466 eccl.
376 2441 444 2466 hist.
463 2448 488 2472 g.
507 2449 532 2466 a.
553 2441 583 2466 C.
620 2441 750 2472 Explicit
774 2441 848 2466 liber
868 2441 980 2473 primus
1002 2441 1107 2473 incipit
1127 2441 1155 2465 II
1175 2441 1320 2467 historiae.
1356 2442 1493 2473 Capitula

165 2473 281 2498 secundi
293 2474 362 2498 libri
376 2474 509 2499 historiae
521 2475 613 2506 gentis
625 2475 701 2506 angl.
718 2475 754 2500 N.

199 2506 212 2525 2
229 2507 312 2532 After
325 2508 373 2532 the
390 2508 517 2540 capitula
537 2509 568 2532 of
586 2508 668 2533 Book
681 2508 729 2534 ΙΙ;
746 2508 907 2540 expliciunt
925 2508 1053 2540 capitula
1071 2508 1140 2533 libri
1158 2508 1283 2534 secundi.
1297 2508 1401 2540 incipit
1419 2508 1492 2533 liber

166 2540 305 2565 secundus
322 2541 457 2566 historiae
476 2542 681 2566 ecclesiasticae
699 2542 792 2573 gentis
810 2542 970 2573 anglorum,
989 2543 1047 2574 lege
1066 2542 1201 2573 feliciter,
1217 2542 1256 2568 M.
1292 2542 1336 2574 So,
1352 2543 1492 2573 inserting

166 2573 230 2633 ips?
244 2574 340 2633 lzefore
358 2575 441 2606 liber,
462 2575 494 2601 B.
530 2575 616 2607 Expl.
629 2583 688 2607 cap.
707 2575 811 2607 incipit
830 2576 882 2601 lib.
899 2583 953 2602 sec.
971 2579 1035 2601 ecel.
1055 2575 1122 2601 hist.
1139 2583 1165 2607 g.
1183 2584 1208 2602 3.
1227 2576 1258 2602 C.
1293 2576 1338 2603 So.
1357 2576 1491 2607 omitting

167 2614 212 2631 eve
