1803 2887
71 1271 81 1288 1
95 1261 162 1289 Cor.
180 1259 223 1287 iii.

68 1321 184 1373 {4821-

267 175 345 204 CAp.
361 170 434 211 vn]
664 160 816 203 Gentis
846 159 1117 214 Anylorum.
1442 158 1522 198 137

266 290 335 315 rex
364 274 541 316 Osualdl
571 275 817 325 postulasset
852 273 1092 321 antistitem,
1129 271 1201 321 qui
1234 270 1312 309 sibi
1346 284 1522 320 suaeque

264 342 379 391 genti
412 341 585 380 uerbum
615 340 712 378 fidei
744 340 1009 387 ministraret,
1047 338 1199 376 missus
1232 336 1356 374 fuerit
1389 336 1522 384 primo

263 407 367 445 alius
396 405 628 444 austerioris
658 405 788 443 animi
816 404 890 451 uir,
916 404 997 453 qui,
1023 417 1118 441 cum
1142 402 1378 452 aliquandiu
1409 401 1523 450 genti

263 472 497 521 Anglorum
525 471 763 521 praedicans
796 469 903 508 nihil
934 469 1156 519 proficeret,
1193 481 1266 505 nec
1297 468 1474 504 libenter
1502 480 1524 504 a

263 537 411 586 populo
440 536 656 581 audiretur,
680 535 845 573 redierit
875 534 1061 584 patriam,
1091 536 1214 583 atque
1240 533 1283 570 in
1314 535 1521 570 conuentu

261 602 470 639 seniorum
498 601 716 647 rettulerit,
751 601 846 650 quia
872 600 932 637 nil
963 600 1153 649 prodesse
1185 599 1363 636 docendo
1393 597 1518 647 genti,

261 667 311 704 ad
332 680 457 716 quam
474 667 625 704 missus
641 668 734 713 erat,
754 665 967 715 potuisset,
993 678 1039 702 eo
1056 664 1163 713 quod
1180 666 1316 702 essent
1332 663 1522 700 homines

261 731 532 769 indomabiles
548 733 571 779 2,
607 733 647 769 et
681 731 804 768 durae
834 743 879 768 ac
908 730 1101 767 barbarae
1130 729 1292 766 mentis.
1355 729 1413 765 At
1443 727 1517 775 illi,

262 799 308 834 ut
346 797 574 845 perhibent,
618 798 838 834 tractatum
876 808 1075 845 magnum
1114 795 1159 832 in
1198 793 1378 840 concilio,
1422 793 1519 842 quid

262 864 367 899 esset
383 862 599 911 agendum,
619 862 768 899 habere
784 862 1003 910 coeperunt
1024 874 1032 907 ;
1063 859 1339 897 desiderantes
1355 858 1521 907 quidem

261 928 385 976 genti,
418 941 541 976 quam
573 927 831 976 petebantur,
871 926 994 963 saluti
1025 938 1120 972 esse,
1159 925 1229 962 sed
1264 925 1313 962 de
1342 937 1425 961 non
1460 937 1519 960 re-

262 995 386 1042 cepto,
422 1006 544 1042 quem
577 993 774 1030 miserant
786 991 809 1036 ³,
847 991 1122 1040 praedicatore
1156 990 1350 1028 dolentes.
1412 990 1519 1027 Tum

261 1058 315 1096 ait
336 1058 480 1096 Aedan
493 1059 517 1106 ⁴¹,
542 1071 640 1096 nam
663 1059 703 1095 et
726 1058 814 1106 ipse
837 1057 1006 1094 concilio
1032 1056 1240 1103 intererat,
1265 1055 1315 1092 ad
1339 1068 1445 1093 eum.
1471 1055 1520 1091 de

261 1137 340 1172 quo
361 1124 562 1173 agebatur,
589 1123 866 1161 sacerdotem:
902 1122 1101 1160 ‘Uidetur
1124 1121 1239 1168 mihi,
1265 1120 1399 1163 frater,
1425 1120 1519 1168 quia

261 1189 400 1227 durior
415 1189 523 1227 iusto
543 1189 720 1227 indoctis
736 1189 748 1208 5
769 1188 1022 1226 auditoribus
1036 1187 1163 1233 fuisti,
1183 1188 1223 1224 et
1238 1200 1321 1224 non
1337 1186 1395 1223 eis
1407 1186 1519 1224 iuxta

259 1255 522 1304 apostolicam
548 1254 809 1304 disciplinam
837 1254 970 1303 primo
1000 1254 1060 1291 lac
1089 1252 1294 1290 doctrinae
1320 1252 1519 1290 mollioris

260 1320 487 1370 porrexisti,
536 1321 664 1358 donec
712 1320 911 1370 paulatim
939 1318 942 1370 Ι
969 1318 1140 1357 enutriti
1176 1318 1300 1356 uerbo
1339 1317 1426 1357 Dei.
1469 1318 1518 1355 ad

260 1387 453 1435 capienda
486 1386 736 1436 perfectiora,
780 1388 819 1423 et
857 1386 906 1423 ad
946 1384 1128 1422 facienda
1166 1383 1404 1421 sublimiora
1443 1384 1519 1420 Dei

259 1454 471 1501 praecepta
500 1452 761 1490 sufficerent.’
818 1451 906 1499 Quo
934 1450 1074 1489 audito
1105 1449 1304 1496 omnium,
1330 1448 1400 1497 qui
1429 1462 1518 1486 con-

259 1517 456 1565 sidebant,
490 1518 540 1555 ad
571 1517 709 1566 ipsum
739 1530 807 1555 ora
842 1518 882 1554 et
914 1516 1021 1554 oculi
1052 1515 1248 1559 conuersi,
1284 1514 1512 1563 diligenter,

259 1584 357 1633 quid
384 1583 544 1631 diceret,
581 1583 863 1630 discutiebant,
900 1584 940 1620 et
965 1582 1104 1631 ipsum
1129 1594 1217 1619 esse
1243 1580 1416 1629 dignum
1441 1582 1520 1629 epi-

258 1651 435 1698 scopatu,
468 1649 605 1698 ipsum
639 1649 688 1686 ad
720 1648 966 1687 erudiendos
997 1646 1230 1685 incredulos
1264 1648 1303 1683 et
1334 1646 1518 1684 indoctos

260 1715 370 1752 mitti
401 1715 546 1752 debere
576 1715 812 1761 decernunt,
849 1713 919 1763 qui
951 1713 1080 1763 gratia
1114 1711 1380 1751 discretionis,
1417 1725 1519 1760 quae

259 1779 463 1818 uirtutum
488 1781 618 1817 mater
645 1782 716 1827 est,
747 1781 843 1817 ante
870 1779 1007 1816 onmia
1030 1778 1301 1828 probabaturG
1320 1777 1489 1815 inbutus
1511 1792 1518 1816 :

259 1845 396 1894 sicque
434 1845 554 1883 illum
589 1845 825 1883 ordinantes
858 1845 907 1883 ad
942 1843 1263 1894 praedicandum
1302 1843 1514 1881 miserunt.

260 1910 338 1958 Qui
358 1911 428 1949 ubi
448 1914 614 1961 tempus
633 1912 796 1960 accepit,
822 1911 926 1948 sicut
947 1910 1059 1959 prius
1075 1909 1355 1947 moderamine
1377 1909 1520 1946 discre-

257 1977 390 2024 tionis,
432 1977 490 2015 ita
526 1978 791 2026 postmodum
830 1979 871 2015 et
910 1976 1053 2014 ceteris
1090 1975 1314 2013 uirtutibus
1352 1977 1519 2012 ornatus

257 2042 452 2091 apparuit.

772 2143 892 2182 CAP.
926 2142 998 2181 VI.

488 2241 530 2269 De
546 2241 684 2277 religione
700 2250 734 2269 ac
745 2242 854 2276 pietate
871 2242 1016 2269 7721'mmda
1036 2240 1162 2269 Oszmmi
1171 2237 1182 2254 ⁷
1197 2241 1286 2276 reglis.

312 2315 457 2354 HUIUS
477 2317 604 2366 igitur
623 2317 821 2355 antistitis
845 2317 1030 2355 doctrina
1050 2330 1121 2354 rex
1145 2316 1297 2355 Osuald
1312 2316 1324 2334 ⁷
1344 2329 1438 2353 cum
1459 2329 1514 2355 ea.

258 2380 323 2419 cui
356 2384 546 2430 praeerat,
580 2385 701 2432 gente
735 2383 972 2432 Anglorum
1002 2383 1230 2426 institutus,
1266 2395 1351 2419 non
1382 2381 1517 2419 solum

300 2477 310 2495 ¹
335 2479 483 2509 osuuald
500 2480 535 2510 C.
629 2479 640 2496 ²
665 2481 724 2511 —lis
742 2481 786 2511 M.
801 2480 853 2510 13¹.
867 2480 932 2511 W¹.
948 2479 1010 2518 R11.
1025 2480 1074 2517 01.
1160 2479 1171 2497 ³
1195 2480 1386 2510 misserant
1402 2478 1448 2509 M.
1463 2479 1516 2510 13¹.

256 2528 266 2545 ⁴
289 2530 394 2562 aidan
411 2531 449 2562 B.
469 2531 511 2562 N.
717 2534 728 2550 ⁵
752 2533 995 2563 indoctoribus
1012 2532 1057 2564 M.
1247 2531 1258 2548 ⁶
1280 2532 1450 2571 probatur
1467 2531 1511 2562 M.

255 2580 267 2597 ⁷
290 2583 446 2622 osuuald,
466 2583 518 2614 -di
536 2584 573 2615 C.

1545 280 1642 307 about
1658 280 1714 307 the

1545 319 1684 351 sending
1699 322 1729 344 ot

1546 359 1661 385 Aidan.

1544 2327 1655 2355 Power
1669 2331 1700 2353 ot

1544 2367 1679 2395 Oswald.
