1803 2887
311 153 396 194 288
672 150 723 192 H
724 150 880 193 istoria
910 148 1215 191 Eeclesiastica
1420 150 1508 192 [Lm.
1525 155 1565 184 V.

839 290 960 329 CAP.
993 289 1042 328 V.

494 393 530 420 Ut
547 393 615 420 item
627 389 636 406 ¹
648 399 781 426 puerum
797 391 913 419 comitis
928 390 1041 418 orando
1058 398 1078 417 a
1093 390 1185 417 morte
1199 388 1396 417 reuocauerz‘t.

366 481 474 518 Amo
494 479 597 517 item
616 480 800 530 tempore
816 481 985 518 uocatus
1004 479 1054 517 ad
1071 478 1338 517 dedicandam
1358 475 1568 515 ecclesiam

313 546 474 585 comitis
503 547 702 585 uocabulo
732 547 879 595 Addi²‚
905 562 998 586 cum
1027 548 1309 598 postulatum3
1339 545 1568 595 conplesset

313 611 603 659 ministerium,
632 614 797 661 rogatus
825 615 886 651 est
908 613 958 651 ab
988 614 1131 651 eodem
1161 612 1309 651 comite
1338 613 1491 650 intrare
1519 609 1570 648 ad

313 690 445 714 unum
475 677 524 714 de
552 677 690 726 pueris
717 679 814 724 eius,
839 679 909 728 qui
937 679 1132 717 acerrima
1159 678 1393 728 egritudine
1416 689 1568 726 preme·

313 742 442 788 batur⁷
486 742 542 780 ita
578 745 636 791 ut,
680 744 893 783 deficiente
931 744 1096 794 penitus
1138 744 1252 782 omni
1289 743 1571 781 membrorum

313 807 472 855 officio⁴‚
524 808 770 859 iamiamque
817 810 1044 848 moriturus
1091 823 1179 848 esse
1225 809 1458 854 uide1·etur;
1507 807 1572 845 cui

314 872 438 910 etiam
485 873 646 913 loculus
693 875 774 914 iam
814 878 914 914 tunc
961 877 1046 913 erat
1088 876 1360 924 praeparatus,
1404 873 1448 911 in
1491 886 1572 922 quo

315 938 534 977 defunctus
568 940 687 978 condi
727 941 904 980 deberet.
962 940 1136 980 Addidit
1176 942 1313 978 autem
1350 939 1415 976 uir
1447 938 1572 976 etiam

314 1003 527 1043 lacrimas⁵
565 1005 763 1055 precibus,
798 1006 1017 1056 diligenter
1056 1005 1280 1052 obsecrans,
1314 1006 1360 1042 ut
1399 1004 1572 1042 intraret

316 1072 503 1108 oraturus
533 1085 607 1120 pro
640 1071 722 1119 illo,
758 1071 854 1120 quia
884 1071 1066 1109 multum
1100 1072 1326 1109 necessaria
1355 1069 1434 1108 sibi
1466 1070 1572 1107 esset

316 1136 402 1174 uita
439 1136 593 1185 ipsius3
631 1137 811 1175 crederet
849 1150 957 1184 uero,
1001 1136 1106 1186 quia,
1145 1137 1179 1174 si
1216 1136 1286 1173 ille
1325 1135 1362 1173 ei
1400 1147 1571 1173 manum

316 1201 521 1250 inponere,
572 1203 695 1251 atque
742 1215 837 1240 eum
884 1201 1124 1239 benedicere
1170 1201 1378 1248 uoluisset,
1431 1200 1572 1238 statim

316 1266 465 1305 melius
484 1266 662 1305 haberet.
721 1267 903 1305 Intrauit
923 1281 1019 1317 ergo
1038 1266 1111 1305 illo
1123 1268 1135 1287 ⁶
1156 1267 1379 1316 episcopus,
1404 1267 1445 1304 et
1464 1265 1572 1303 uidit

315 1346 412 1370 eum
427 1332 570 1370 mestis
590 1332 785 1371 omnibus
799 1333 881 1371 iam
902 1332 1027 1370 morti
1042 1332 1288 1381 proximum,
1308 1331 1573 1381 positumque

316 1397 498 1435 loculum
521 1397 634 1435 iuxta
661 1411 767 1446 eum,
791 1398 835 1435 in
862 1412 942 1448 quo
968 1398 1227 1447 sepeliendus
1254 1397 1353 1446 poni
1382 1396 1572 1445 deberet3

317 1463 504 1512 dixitque
539 1465 777 1511 orationem,
814 1477 859 1501 ac
896 1463 1107 1502 benedixit
1141 1476 1246 1510 eum,
1286 1464 1327 1500 et
1361 1462 1573 1511 egrediens

317 1528 420 1566 dixit
440 1529 560 1567 solito
580 1529 881 1568 consolantium
897 1542 1084 1567 sermone
1103 1543 1112 1567 ε
1146 1529 1283 1566 ‘Bene
1302 1528 1574 1572 conualescas,

315 1597 356 1633 et
402 1594 507 1633 cito.'
565 1595 749 1644 Cumque
786 1597 879 1645 post
920 1596 1020 1634 haec
1058 1595 1245 1633 sederent
1283 1594 1332 1632 ad
1370 1606 1569 1640 mensam,

317 1660 432 1699 misit
460 1675 562 1710 puer
595 1661 644 1699 ad
675 1661 889 1699 dominum
920 1675 1052 1706 suum,
1091 1673 1238 1710 rogans
1272 1659 1350 1698 sibi
1378 1658 1572 1708 poculum

316 1726 406 1764 uini
434 1727 608 1775 mittere,
633 1727 729 1777 quia
757 1727 898 1766 sitiret.
961 1726 1136 1765 Gauisus
1164 1726 1233 1763 ille
1261 1725 1454 1772 multum,
1479 1723 1574 1774 quia

315 1791 453 1830 bibere
486 1794 633 1842 posset,
667 1792 782 1830 misit
820 1792 856 1830 ei
894 1792 1061 1830 calicem
1098 1792 1189 1830 uini
1220 1792 1484 1829 benedictum
1523 1789 1573 1827 ab

317 1857 503 1907 episcopo
524 1873 532 1905 ;
563 1871 684 1907 quem
706 1860 751 1896 ut
771 1857 886 1905 bibit,
912 1858 1086 1895 surrexit
1113 1857 1317 1904 continuo,
1343 1858 1383 1894 et
1403 1857 1573 1894 ueterno

316 1922 570 1961 infirmitatis
600 1923 791 1969 discusso,
822 1922 957 1960 induit
986 1935 1028 1960 se
1056 1922 1142 1971 ipse
1170 1921 1432 1959 uestimentis
1459 1920 1572 1967 suis;

317 1990 357 2025 et
390 2002 576 2038 egressus
605 1988 725 2026 inde⁷
755 1987 940 2032 intrauit,
969 2001 1013 2026 ac
1041 1987 1238 2025 salutauit
1266 1987 1502 2036 episcopum
1531 1987 1572 2023 et

317 2053 523 2101 conuiuas,
548 2053 696 2101 dicens,
714 2053 808 2102 quia.
827 2053 913 2102 ipse
933 2066 1096 2102 quoque
1117 2053 1386 2091 delectaretur
1404 2051 1573 2090 mandu-

317 2132 404 2156 care
425 2121 463 2156 et
490 2119 630 2157 bibere
656 2132 749 2156 cum
775 2118 841 2156 eis.
903 2118 1119 2156 Iusserunt
1147 2131 1242 2155 eum
1271 2118 1409 2155 sedere
1434 2130 1573 2155 secum

316 2184 365 2221 ad
387 2184 535 2232 epulas,
561 2183 743 2221 multum
770 2184 992 2232 gaudentes
1019 2184 1068 2221 de
1092 2183 1285 2232 sospitate
1312 2183 1435 2220 illius.
1501 2182 1574 2220 Re·

317 2249 484 2296 sidebat,
518 2249 767 2293 noscebatur,
798 2248 973 2295 bibebat,
1008 2248 1244 2296 laetabatur,
1270 2248 1384 2297 quasi
1413 2261 1521 2286 unus
1551 2260 1572 2284 e

317 2311 502 2349 conuiuis
535 2311 705 2361 agebat;
745 2313 785 2349 et
818 2311 964 2349 multis
1000 2313 1092 2361 post
1125 2311 1223 2349 haec
1256 2310 1376 2349 annis
1409 2310 1568 2357 uiuens,

317 2377 361 2414 in
399 2378 552 2425 eadem,
591 2390 716 2426 quam
758 2378 973 2426 acceperat,
1016 2376 1145 2415 salute
1186 2375 1424 2426 permansit.
1481 2376 1573 2414 Hoc

363 2472 371 2489 ¹
396 2472 491 2502 idem
508 2472 543 2503 C.
644 2470 656 2488 ²
679 2471 783 2502 aeddi
800 2472 849 2508 B;
874 2472 966 2502 aeddi
984 2470 1038 2502 N2.
1144 2470 1156 2488 ³
1178 2473 1252 2502 —tus
1269 2471 1313 2501 M.
1414 2470 1425 2487 4
1448 2470 1569 2509 officio,

318 2527 418 2554 added
433 2535 471 2554 on
488 2527 611 2561 margin
629 2524 673 2554 M.
836 2524 847 2541 ⁵
869 2524 951 2554 -mis
968 2523 1025 2555 M¹.
1214 2524 1225 2541 ⁶
1248 2523 1309 2553 ille
1326 2523 1360 2554 C.
1379 2522 1434 2553 W.
1453 2522 1496 2553 D.
1512 2521 1571 2552 διο.

314 2575 325 2593 ⁷
352 2576 445 2615 inde,
461 2579 559 2607 added
575 2586 612 2606 on
627 2579 752 2614 marffl'n
769 2575 813 2607 M.
