1803 2887
291 143 372 182 144
643 142 856 185 Historia
885 143 1188 186 Ecclesiasticco
1382 152 1468 194 [Lm.
1484 156 1543 187 111.

287 257 374 295 1000
404 259 718 307 reponeretur¹3
748 260 855 308 quod
884 260 983 298 dum
1014 260 1141 309 fieret,
1166 262 1303 298 tantae
1332 261 1545 311 flagrantia

287 324 499 361 suauitatis
525 324 575 361 ab
605 324 698 362 imis
724 325 926 373 ebulliuit,
950 327 997 363 ut
1024 326 1191 373 cunctis,
1218 326 1288 375 qui
1313 327 1539 375 adstabant,

287 388 480 426 fratribus
508 402 552 426 ac
581 390 794 438 sororibus,
823 391 938 439 quasi
967 391 1241 440 opobalsami²
1269 391 1430 429 cellaria
1459 404 1544 429 esse

287 453 528 492 uiderentur
547 456 693 503 aperta.

56 521 249 587 {ssgssfflhel'
342 520 420 557 Sed
448 521 488 557 et
514 521 733 557 matertera
762 520 860 567 eius,
887 521 937 558 de
959 534 1038 569 qua
1066 520 1257 569 diximus,
1281 521 1505 570 Aedilberg
1516 521 1541 569 ³,

114 583 141 595 ”⁴
286 586 326 622 et
347 585 434 633 ipsa
454 585 539 622 Deo
561 585 749 622 dilectam
763 586 776 605 ‘¹
796 587 1014 634 perpetuae
1035 585 1285 635 uirginitatis
1307 586 1479 635 gloriam
1501 585 1544 623 in

285 663 433 698 magna
453 650 632 698 corporis
651 651 904 688 continentia
924 652 1104 688 seruauit
1117 651 1129 670 ⁵
1147 666 1156 698 3
1186 664 1287 700 quae
1303 651 1419 689 cuius
1438 654 1545 690 esset

285 714 461 762 uirtutis,
486 715 618 764 magis
642 717 735 764 post
763 717 942 753 mortem
964 715 1123 754 claruit.
1182 716 1287 754 Cum
1308 716 1419 754 enim
1440 718 1545 754 esset

282 780 496 828 abbatissa,
532 780 664 829 coepit
701 780 831 818 facere
865 780 909 818 in
942 781 1188 818 monasterio
1222 795 1296 819 suo
1331 781 1545 819 ecclesiam

283 845 326 882 in
347 846 545 883 honorem
565 845 753 883 omnium
773 846 1065 894 apostolorum,
1090 846 1133 883 in
1155 859 1234 895 qua
1253 860 1377 884 suum
1398 859 1545 896 corpus

283 911 463 960 sepelliri
494 911 691 960 cupiebat.
754 912 833 949 Sed
869 925 963 948 cum
997 925 1099 960 opus
1132 912 1241 949 idem
1275 912 1325 949 ad
1360 912 1543 950 medium

283 978 411 1014 ferme
441 979 547 1015 esset
576 977 831 1026 perductum,
866 977 938 1014 illa
966 990 1019 1014 ne
1049 977 1124 1014 hoc
1156 977 1377 1026 perficeret,
1412 979 1544 1015 morte

282 1044 496 1092 praerepta
516 1044 587 1090 est,
613 1044 653 1079 et
674 1042 718 1079 in
738 1042 827 1091 ipso
847 1042 1036 1080 ecclesiae
1056 1043 1155 1090 loco,
1181 1043 1252 1080 ubi
1273 1043 1540 1090 desiderabat,

283 1108 457 1145 condita.
530 1108 631 1145 Post
669 1107 784 1145 cuius
823 1108 1011 1155 mortem,
1054 1107 1252 1145 fratribus
1290 1107 1370 1145 alia
1412 1107 1545 1156 magis

283 1174 530 1219 curantibus,
555 1173 837 1210 intermissum
865 1174 926 1209 est
952 1173 1028 1210 hoc
1049 1172 1281 1210 aedificium
1301 1173 1420 1210 annis
1440 1172 1539 1220 VII,

283 1238 432 1286 quibus
471 1238 669 1286 conpletis
708 1238 940 1275 statuerunt
978 1237 1029 1274 ob
1077 1237 1333 1275 nimietatem
1377 1237 1538 1286 laboris,

281 1303 404 1342 huius
439 1305 688 1341 structuram
722 1303 911 1340 ecclesiae
946 1302 1134 1341 funditus
1172 1303 1412 1352 relinquere,
1450 1315 1540 1341 ossa

282 1382 379 1406 uero
400 1369 626 1406 abbatissae
646 1368 718 1405 1110
740 1369 788 1406 (10
809 1368 894 1405 1000
916 1368 1082 1415 eleuata,
1106 1368 1149 1405 in
1170 1367 1291 1405 aliam
1312 1368 1534 1415 ecclesiam,

280 1447 382 1483 quae
396 1436 500 1472 esset
512 1434 689 1483 perfecta
701 1447 745 1471 ac
759 1433 949 1481 dedicata,
968 1433 1198 1471 transferre.
1241 1433 1295 1471 Et
1309 1433 1540 1482 aperientes

280 1499 544 1548 sepulchrum
565 1499 662 1546 eius,
687 1499 742 1536 ita
772 1499 1065 1536 intemeratum
1092 1511 1239 1547 corpus
1263 1499 1467 1546 inuenere,
1492 1500 1538 1536 ut

278 1577 301 1601 a
331 1565 590 1613 corruptione
615 1562 619 1615 1
646 1563 999 1613 concupiscentiae
1024 1563 1198 1601 carnalis
1224 1565 1310 1601 erat
1339 1563 1537 1612 inmune3
1560 1570 1584 1601 f.
1599 1579 1636 1605 50
1650 1571 1678 1600 b.

279 1631 319 1666 et
358 1629 415 1666 ita
452 1631 586 1667 denuo
624 1629 767 1676 lotum,
810 1631 931 1678 atque
970 1628 1062 1666 aliis
1110 1628 1295 1666 uestibus
1343 1628 1538 1666 indutum

279 1695 582 1732 transtulerunt
610 1695 714 1732 illud
746 1695 790 1731 in
822 1694 1033 1732 ecclesiam
1065 1694 1173 1731 beati
1203 1693 1404 1742 Stephani
1437 1707 1539 1731 mar-

279 1760 391 1808 tyris.
441 1760 565 1798 Cuius
586 1760 775 1798 uidelicet
790 1759 937 1797 natalis
958 1759 1038 1796 ibiss
1055 1758 1158 1796 solet
1178 1758 1221 1796 in
1242 1771 1392 1808 magna
1411 1758 1539 1808 gloria

280 1824 474 1863 celebrari
496 1825 561 1863 die
581 1825 794 1862 Nonarum
815 1825 1028 1862 Iuliarum.

795 1935 916 1974 CAP.
947 1934 1022 1973 IX.

283 2022 319 2049 Ut
335 2023 369 2050 in
392 2023 458 2059 loco,
486 2024 519 2050 ῖη
542 2031 598 2057 quo
621 2023 736 2051 occisus
758 2023 799 2050 est
822 2029 874 2050 rex
891 2021 1005 2049 Osuald
1016 2017 1037 2057 ⁷,
1064 2021 1166 2048 crebra
1189 2020 1361 2048 sanz'taizcm
1385 2021 1538 2049 miracula

301 2073 404 2109 factal:
428 2077 519 2110 usque
536 2075 581 2102 ibt
590 2075 694 2109 primo
709 2071 719 2088 ⁸
735 2075 908 2101 iumentum
925 2073 1088 2100 cuiusdam
1101 2073 1221 2100 m'amis
1236 2081 1271 2100 ac
1286 2073 1394 2100 deinde
1404 2073 1509 2107 puella

734 2127 774 2153 sit
784 2125 952 2160 paralitica
968 2126 1086 2153 curata.

333 2202 555 2240 REGNAUIT
574 2204 715 2240 autem
736 2201 890 2240 Osuald
905 2202 916 2220 ⁷
944 2200 1307 2238 christianissimus
1336 2214 1407 2238 rex
1439 2200 1536 2238 Nor-

277 2268 628 2317 danhymbrorum
648 2267 785 2306 VIIII
809 2279 949 2314 annos,
983 2267 1250 2304 adnumerato
1274 2266 1399 2303 etiam
1422 2266 1495 2304 illo
1508 2267 1531 2315 ⁰,

320 2354 328 2371 ¹
354 2356 547 2394 poneretur
564 2355 599 2385 C.
779 2353 791 2373 2
816 2364 890 2393 opo.
911 2354 933 2384 i.
954 2354 1046 2383 succi
1063 2353 1212 2383 balsami
1232 2353 1264 2384 .i.
1282 2354 1350 2383 baes
1369 2352 1534 2394 [tea]res;

275 2409 352 2443 yloss
382 2416 420 2436 on
451 2409 536 2437 lower
565 2409 690 2444 margin
720 2408 755 2443 of
781 2406 825 2437 M.
960 2407 970 2423 ³
994 2406 1098 2436 aecil-
1127 2404 1165 2435 C2
1180 2406 1238 2445 (Ῥ).
1369 2404 1379 2421 ‘¹
1406 2406 1536 2436 dilecta

276 2458 315 2488 B.
327 2459 380 2489 W.
474 2459 484 2475 ⁵
507 2458 730 2489 conseruauit
747 2459 792 2489 M.
814 2461 886 2497 gclue
903 2462 928 2488 to
944 2458 1166 2488 continentia
1182 2458 1367 2498 precediny).
1459 2456 1470 2473 ⁶
1486 2458 1535 2487 ibi

275 2521 333 2541 om.
354 2510 391 2541 C.
481 2509 492 2526 ⁷
515 2510 664 2540 osuuald
681 2510 718 2541 O.
808 2508 819 2525 ⁸
842 2510 967 2549 primo,
987 2513 1085 2540 added
1101 2520 1138 2539 οη
1154 2512 1278 2547 mctryin
1292 2509 1337 2541 Μ,
1438 2510 1450 2527 ⁹
1474 2509 1536 2540 isso

275 2573 370 2594 anno
388 2563 424 2594 C.
441 2563 482 2594 D.
499 2563 552 2601 Al.
569 2562 625 2594 810.
