1803 2887
24 2117 32 2142 τ’
54 2125 87 2152 79
100 2116 129 2143 b.

195 173 270 204 CAP.
290 172 333 203 XI
350 168 363 209 ]
601 159 752 202 Gentis
783 159 1052 213 szylorum.
1366 158 1417 198 22
1424 159 1447 197 5

194 278 323 324 tinuo,
344 276 450 326 quod
467 277 606 313 mente
622 276 869 323 conceperat,
891 273 1081 322 expleret.
1125 273 1329 310 Perducta
1343 285 1454 309 nam-

195 356 274 392 que
303 356 325 380 a
354 341 503 391 puellis
530 342 614 378 suis
640 341 690 377 ad
718 339 1025 387 monasterium,
1051 339 1168 387 quia¹
1195 338 1239 375 in
1266 337 1452 386 proximo

196 410 291 455 erat,
324 407 395 445 ubi
433 407 558 444 fidem
597 419 692 443 suae
730 404 955 443 sanationis
988 405 1192 453 integram
1224 417 1266 441 se
1304 403 1453 441 habere

194 473 373 522 professa
405 474 475 516 est,
509 472 739 509 introducta
772 472 833 508 est
866 471 915 508 ad
947 470 1236 520 cymiterium3
1276 471 1326 516 et,
1360 480 1454 505 cum

195 539 348 576 ibidem
387 538 541 575 diutius
578 537 693 574 flexis
731 536 905 585 genibus
944 537 1085 581 oraret,
1128 534 1261 572 nihilo
1299 533 1455 571 tardius

195 604 346 641 meruit
381 603 572 640 exaudiri.
635 602 743 639 Nam
775 614 997 650 exsurgens
1026 601 1076 638 ab
1105 600 1298 639 oratione.
1329 599 1456 648 prius-

196 682 319 718 quam
346 668 474 706 exiret
500 668 550 706 de
576 668 674 707 loco.
700 668 852 716 petitae
880 667 984 704 lucis
1009 667 1179 715 gratiam
1209 665 1385 713 recepit;
1415 665 1455 701 et

197 748 299 783 quae
327 733 575 772 famularum
604 733 795 770 manibus
827 732 1000 770 adducta
1033 732 1175 777 fuerat,
1209 731 1295 779 ipsa
1330 729 1456 767 libero

196 800 348 849 pedum
374 800 535 837 incessu
556 799 726 836 domum
753 798 857 835 laeta
877 811 1039 835 reuersa
1060 798 1121 834 est
1140 811 1148 844 3
1178 796 1292 845 quasi
1312 796 1361 833 ad
1382 795 1458 832 hoc

197 866 458 903 solummodo
491 865 626 903 lucem
658 864 866 902 amitteret
900 863 1181 912 temporalem,
1215 864 1271 906 ut.
1307 862 1458 910 quanta

197 933 359 969 sanctos
379 931 532 969 Christi
551 931 622 968 lux
642 930 685 967 in
706 930 836 977 caelis,
863 943 964 978 quae
991 929 1120 978 gratia
1144 928 1313 966 uirtutis
1338 926 1460 975 possi-

198 996 322 1044 deret,
349 1009 419 1034 sua
440 997 652 1034 sanatione
674 996 984 1033 demonstraret.

713 1161 834 1199 CAP.
870 1161 946 1199 XI.

247 1254 283 1282 Ut
297 1262 349 1281 rex
363 1254 494 1282 eiusdem
507 1254 687 1288 prouinciae
705 1254 792 1281 sebbi
813 1255 845 1281 in
864 1254 1061 1282 ⁷›e0wzclez'cha
1080 1254 1177 1281 vitam
1197 1252 1421 1281 cmzzoerscziione

763 1310 810 1343 fin
817 1310 893 1337 [erit.

254 1386 316 1423 Eo
344 1387 528 1434 tempore
557 1387 738 1434 praeerat
767 1399 891 1434 regno
918 1385 1193 1424 Orientalium
1206 1388 1217 1397 ''
1240 1384 1460 1431 Saxonum,

202 1455 247 1489 ut
267 1452 377 1489 idem
397 1451 519 1489 etiam
547 1451 711 1490 libellus
732 1452 858 1498 docet,
884 1452 948 1488 uir
966 1451 1147 1488 multum
1168 1452 1254 1489 Deo
1276 1451 1459 1497 deuotus,

202 1517 370 1555 nomine
401 1517 557 1563 Sebbi‘,
587 1517 702 1555 cuius
731 1530 853 1566 supra
883 1518 1162 1555 meminimus.
1224 1516 1324 1554 Erat
1353 1517 1464 1553 enim

203 1583 426 1632 religiosis⁴
447 1582 613 1629 actibus,
638 1582 790 1620 crebris
815 1583 1011 1631 precibus,
1038 1583 1117 1631 piis
1143 1582 1466 1632 elimosynarmn

202 1648 404 1686 fructibus
432 1648 661 1697 plurimum
691 1648 903 1695 intentus3
934 1648 1060 1686 uitam
1089 1648 1292 1697 priuatam
1317 1650 1357 1685 et
1386 1661 1467 1685 mo-

203 1714 413 1752 nachicam
434 1714 589 1751 cunctis
608 1714 725 1763 regni
741 1713 897 1751 diuitiis
914 1716 952 1751 et
973 1714 1200 1751 honoribus
1220 1714 1462 1763 praeferens,

204 1792 326 1828 quam
355 1782 395 1817 et
422 1779 521 1816 olim
551 1780 644 1825 iam,
669 1779 703 1816 si
732 1793 816 1816 non
841 1779 1068 1817 obstinatus
1095 1779 1279 1828 coniugis
1305 1779 1469 1816 animus

204 1845 427 1883 diuortium
441 1847 616 1894 negaret,
635 1845 775 1882 relicto
790 1858 916 1894 regno
933 1845 1118 1882 subisset.
1156 1845 1278 1883 Unde
1299 1844 1442 1882 multis
1455 1844 1468 1863 ⁵

206 1912 343 1948 uisum
378 1912 417 1948 et
448 1923 567 1959 saepe
600 1910 757 1948 dictum
789 1913 860 1958 est,
897 1911 991 1959 quia
1025 1911 1120 1948 talis
1153 1910 1283 1948 animi
1317 1910 1464 1955 uirum,

208 1976 442 2025 episcopum
459 1977 589 2025 magis
601 1989 724 2025 quam
738 1990 875 2026 regem
893 1976 1071 2014 ordinari
1084 1976 1250 2014 deceret.
1286 1976 1471 2024 Cumque

207 2055 338 2079 annos
367 2042 491 2079 XXX
522 2042 566 2079 in
594 2055 718 2091 regno
748 2042 868 2079 miles
897 2042 1014 2091 regni
1043 2041 1228 2079 caelestis
1256 2040 1466 2090 exegisset,

208 2109 417 2156 correptus
445 2109 504 2145 est
532 2108 709 2156 corporis
737 2108 740 2155 ξ
766 2107 1010 2145 infirmitate
1038 2108 1303 2156 permaxima,
1328 2120 1406 2155 qua
1430 2108 1469 2144 et

209 2174 398 2210 mortuus
431 2174 520 2219 est;
562 2173 876 2222 ammonuitque
910 2173 1139 2222 coniugem,
1178 2175 1225 2210 ut
1264 2172 1329 2209 uel
1370 2174 1469 2209 tunc

210 2238 353 2275 diuino
382 2250 425 2275 se
459 2238 627 2275 seruitio
660 2238 812 2286 pariter
843 2239 1132 2287 manciparent,
1167 2251 1260 2275 cum
1293 2238 1472 2286 amplius

211 2303 361 2352 pariter
392 2304 596 2341 mundum
627 2303 830 2352 amplecti,
864 2304 931 2341 uel
962 2304 1100 2352 potius
1130 2303 1289 2341 mundo
1318 2303 1473 2341 seruire

214 2381 297 2405 non
326 2371 505 2417 possent.
565 2369 681 2416 Quod
703 2369 803 2406 dum
829 2382 924 2418 egre
949 2370 1172 2418 inpetraret
1197 2369 1248 2406 ab
1276 2382 1331 2415 ea,
1356 2369 1472 2406 uenit

214 2433 264 2471 ad
290 2434 519 2472 antistitem
540 2434 783 2472 Lundoniae
801 2435 990 2481 ciuitatis,
1015 2434 1213 2472 uocabulo
1235 2434 1469 2481 Ualdherifl,

260 2548 270 2566 ¹
293 2551 385 2589 quod
403 2551 446 2582 N.
543 2550 556 2570 2
580 2551 854 2582 occidentalium
872 2552 915 2583 N.
1009 2551 1020 2568 3
1045 2552 1149 2582 sebbe
1166 2551 1216 2583 (3¹.
1312 2551 1322 2569 ⁴
1347 2561 1419 2582 -sus
1437 2552 1474 2583 C.

216 2603 227 2621 ⁵
250 2606 340 2635 -tum
358 2605 404 2636 M.
422 2605 480 2642 H..
612 2607 623 2624 ⁶
646 2606 737 2636 ualt·
754 2606 784 2636 N
803 2616 810 2643 ;
834 2606 1028 2636 uualdhere
1046 2606 1082 2637 C.

828 2675 851 2707 Q

1490 1394 1668 1422 Character

1489 1434 1526 1461 of
1537 1432 1641 1466 Sebbi,

1491 1473 1582 1508 King
1593 1473 1628 1500 of
1638 1472 1695 1499 the

1491 1513 1570 1541 East

1491 1553 1625 1581 Saxons.
