1803 2887
61 755 183 790 Egbert

62 794 182 822 desires
198 796 231 821 to

62 833 245 868 evangelise

63 874 237 907 Germany.

67 1991 116 2018 He
133 1990 159 2018 is
174 1998 243 2024 pre-

67 2030 188 2058 vented
204 2029 245 2062 by

67 2079 87 2097 a
102 2078 215 2097 vision.

289 134 374 173 296
646 134 695 174 Η
694 133 853 175 isforia
882 134 1185 177 Ecclesiastica
1399 144 1485 185 [Lm.
1500 148 1541 178 v,

289 249 552 296 consecrauit,
586 249 722 286 uirum
752 249 908 296 Latina,
942 249 1078 297 Greca,
1107 252 1147 288 et
1177 250 1374 289 Saxonica
1402 251 1543 301 lingua

289 316 411 363 atque
431 314 662 352 eruditione
682 314 967 363 multipliciter
985 315 1243 354 instructum.

802 447 921 486 OAP.
955 447 1030 486 IX.

294 547 329 574 Ut
346 547 485 582 Ecqberct‘
498 544 506 560 ¹
528 548 580 575 uir
599 549 724 575 sanctus
740 548 782 575 ad
799 549 1046 582 praedicandum
1068 549 1101 576 ἰη
1120 549 1319 577 Germaniam
1341 550 1446 578 ‘uenire
1460 549 1546 578 uolu-

288 599 354 635 erit,
371 607 422 626 vec
443 599 575 627 valuerit
588 609 599 634 ;
618 607 707 634 porro
734 597 894 628 [Ποίων-ομ
912 600 1072 627 advenerit
1092 601 1224 635 quidem,
1244 602 1294 629 sed
1316 602 1390 636 (χαῖα
1410 609 1462 630 nec
1485 601 1546 636 ipse

357 651 477 686 aliquid
487 651 670 686 profecisset,
687 659 814 679 rursum
831 653 866 679 in
880 652 1077 687 Hiberniarrt,
1094 653 1175 680 unde
1191 655 1325 690 uenerat,
1344 654 1477 682 redierit.

349 735 410 773 Eo
424 734 436 753 ‘²
455 737 640 785 tempore
660 736 905 773 uenerabilis
925 738 965 773 et
986 749 1080 773 cum
1101 736 1214 773 omni
1234 737 1546 776 honorificentia

292 802 569 839 nominandus
601 801 782 839 famulus
816 801 969 839 Christi
1008 803 1048 839 et
1086 802 1271 840 sacerdos
1309 802 1507 852 Ecgberct
1519 802 1542 851 ³,

291 881 413 916 quem
435 867 478 904 in
500 867 703 904 Hibernia
723 866 859 904 insula
878 868 1135 916 peregrinam
1157 867 1302 905 ducere
1323 867 1454 906 uitam
1474 881 1546 918 pro

290 932 551 981 adipiscenda
571 932 614 969 in
638 931 758 970 caelis
777 931 907 981 patria
927 932 1158 977 retulimus,
1179 932 1389 981 proposuit
1408 933 1548 971 animo

290 998 479 1047 pluribus
494 997 705 1046 prodesse3
735 997 775 1035 id
793 1000 853 1034 est
869 997 971 1035 inito
988 1011 1106 1046 opere
1122 998 1354 1047 apostolico,
1371 998 1547 1036 uerbum

291 1063 367 1101 Dei
386 1063 591 1111 aliquibus
612 1075 762 1109 earum,
783 1076 886 1111 quae
906 1063 1090 1100 nondum
1110 1063 1335 1111 audierant,
1356 1064 1549 1113 gentibus

292 1128 609 1178 euangelizando
629 1128 886 1165 committere
904 1143 912 1175 ;
943 1141 1117 1177 quarum
1134 1128 1177 1166 in
1192 1129 1413 1167 Germania
1427 1129 1550 1179 pluri-

292 1206 380 1230 mas
401 1195 572 1231 nouerat
593 1206 679 1231 esse
700 1193 897 1240 nationes,
918 1206 940 1230 a
961 1193 1109 1242 quibus
1124 1194 1253 1243 Angli
1273 1194 1340 1231 uel
1357 1194 1546 1243 Saxones,

293 1259 364 1308 qui
376 1272 486 1296 nunc
500 1258 748 1296 Brittaniam
761 1258 958 1306 incolunt,
976 1272 1104 1308 genus
1120 1261 1159 1296 et
1175 1259 1375 1308 originem
1389 1259 1553 1297 duxisse

293 1326 521 1361 noscuntur
538 1339 545 1371 ;
576 1324 685 1361 unde
702 1323 899 1361 hactenus
912 1337 933 1360 a
948 1324 1083 1362 uicina
1098 1326 1220 1373 gente
1246 1324 1250 1375 Ι
1277 1325 1526 1362 Brettonum
1540 1325 1553 1344 4

293 1392 481 1438 corrupte
498 1389 695 1427 Garmani
709 1391 1013 1438 nuncupantur.
1066 1389 1172 1427 Sunt
1186 1391 1323 1427 autem
1338 1390 1547 1438 Fresones,

294 1455 458 1504 Rugini,
494 1454 635 1495 Danai,
658 1455 819 1502 Hunni,
853 1455 1032 1504 Antiqui
1063 1455 1252 1502 Saxones,
1279 1455 1552 1504 Boi-uctuari3

293 1523 391 1558 sunt
419 1520 488 1558 alii
516 1520 728 1569 perplures
750 1520 911 1557 hisdem
938 1520 982 1557 in
1010 1520 1196 1569 partibus
1219 1521 1361 1569 populi
1384 1521 1553 1570 paganis

293 1586 425 1624 adhuc
465 1586 614 1623 ritibus
653 1586 889 1633 seruientes,
932 1586 981 1623 ad
1022 1599 1123 1634 quos
1162 1586 1305 1623 uenire
1348 1586 1554 1635 praefatus

295 1651 449 1690 Christi
465 1651 586 1688 miles
601 1651 947 1700 circumnauigata
963 1651 1168 1688 Brittania
1188 1651 1395 1700 disposuit,
1417 1651 1555 1701 siquos

294 1717 398 1755 forte
429 1730 478 1754 ex
509 1717 593 1754 illis
623 1718 783 1765 ereptos
814 1717 985 1754 Satanae
1013 1716 1063 1754 ad
1091 1716 1303 1754 Christum
1332 1717 1554 1755 transferre

296 1783 473 1830 ualeret;
504 1783 581 1829 uel,
608 1782 642 1820 si
662 1782 738 1819 hoc
758 1782 846 1819 fieri
873 1795 957 1819 non
977 1783 1122 1831 posset,
1144 1782 1319 1820 Romam
1344 1782 1484 1820 uenire
1504 1783 1553 1821 ad

294 1848 473 1885 uidenda
519 1850 641 1897 atque
678 1848 881 1885 adoranda
927 1847 1139 1884 beatorum
1186 1847 1468 1896 apostolorum
1510 1862 1554 1886 ac

296 1915 527 1963 martyrum
548 1914 701 1951 Christi
721 1913 866 1950 limina
886 1912 1091 1962 cogitauit.

351 1979 431 2016 Sed
451 1992 503 2016 ne
523 1979 676 2028 aliquid
693 1979 842 2016 horum
862 1978 1084 2027 perficeret,
1105 1990 1282 2026 superna
1302 1978 1374 2015 illa
1394 1979 1554 2017 oracula

297 2043 422 2081 simul
461 2046 500 2081 et
539 2057 660 2093 opera
698 2043 947 2082 restiterunt.
1009 2043 1222 2092 Siquidem
1260 2043 1400 2082 electis
1437 2044 1556 2083 sociis

296 2109 593 2147 strenuissimis
631 2111 672 2147 et
716 2109 766 2147 ad
810 2109 1128 2158 praediCandum
1171 2108 1345 2146 uerbum
1383 2109 1552 2157 idoneis,

298 2177 440 2224 utpote
455 2175 614 2212 actione
630 2174 755 2212 simul
768 2176 808 2212 et
824 2174 1052 2211 eruditione
1067 2173 1292 2222 praeclaris,
1309 2175 1558 2223 praeparatis

297 2240 500 2288 omnibus,
522 2254 623 2289 quae
645 2240 935 2289 nauigantibus
951 2252 1036 2277 esse
1057 2239 1280 2276 necessaria
1296 2239 1552 2288 uidebantur,

303 2306 414 2343 uenit
435 2306 500 2343 die
528 2306 704 2355 quadam
730 2319 852 2343 mane
873 2305 1004 2354 primo
1032 2305 1081 2342 ad
1108 2317 1203 2341 eum
1231 2318 1338 2342 unus
1359 2305 1408 2342 de
1428 2305 1558 2343 fratri-

298 2371 385 2419 bus,
412 2371 636 2420 discipulus
663 2371 869 2420 quondam
898 2371 942 2408 in
969 2369 1175 2408 Brittania
1201 2371 1240 2407 et
1264 2369 1453 2408 minister
1472 2371 1558 2408 Deo

343 2457 352 2474 ¹
377 2458 513 2487 —bercht
531 2458 565 2488 C.
657 2456 668 2473 ²
691 2458 737 2487 W
755 2461 812 2487 has
827 2467 870 2487 sm
886 2459 1060 2487 alternative
1076 2459 1238 2494 beyinniny
1255 2460 1280 2487 to
1304 2459 1365 2486 this
1388 2459 1508 2493 chapter
1523 2459 1558 2487 in

299 2521 318 2540 ιι
336 2512 446 2548 tzcelflh
462 2514 586 2546 century
601 2513 699 2547 hand,
715 2513 779 2539 and
794 2512 853 2539 this
868 2512 954 2539 alone
972 2512 1000 2538 is
1016 2512 1061 2539 tlte
1082 2511 1211 2546 readiny
1226 2511 1260 2546 of
1270 2509 1336 2547 01⁹·
1405 2508 1416 2525 ³
1440 2509 1557 2539 -berht

300 2564 335 2595 C.
427 2563 439 2580 ⁴
462 2564 671 2595 brectonum
689 2565 731 2595 N.

1576 1337 1597 1365 f.
1617 1345 1665 1371 105
1680 1346 1709 1364 a.

1763 45 1766 63 l

1764 66 1766 83 l

1763 84 1767 104 l

1765 106 1767 149 l

1765 166 1767 178 l

1766 183 1767 193 π
