1788 2928
9 2075 17 2165 tras-

76 584 97 610 t.

116 590 166 610 la-

249 561 763 624 GLORIOSISSIMO1
807 561 962 621 REGI
1009 559 1388 621 CEOLUULFO

191 706 391 747 BAEDA
415 704 698 746 FAMULUs
723 704 964 745 efflusri
995 704 1066 744 ET
1101 703 1447 744 ΡΒΕΞΙΠΊῈΡι

752 852 884 867 —40—

243 970 484 1007 HISTORIAM
523 969 656 1017 gentis
697 969 932 1017 Anglorum
966 967 1288 1013 ecclesiasticam,
1323 979 1446 1015 quam

188 1048 318 1084 nuper
348 1035 562 1082 edideram,
596 1034 868 1072 libentissime
898 1034 973 1071 tibi
1002 1033 1259 1080 desideranti,
1292 1045 1372 1079 rex,
1407 1034 1447 1069 et

186 1101 300 1150 prius
328 1101 378 1138 ad
408 1101 627 1149 legendum
657 1113 701 1137 ac
731 1100 989 1148 probandum
1018 1098 1241 1141 transmisi,
1266 1101 1306 1135 et
1336 1110 1445 1134 nunc

186 1167 234 1204 ad
247 1166 623 1204 transscribendum
636 1179 680 1204 ac
693 1166 857 1214 plenius
874 1179 923 1202 ex
939 1168 1125 1213 tempore
1138 1163 1446 1201 meditandum2

186 1232 493 1279 retransmitto,
534 1231 714 1280 satisque
745 1231 929 1269 studium
961 1234 1054 1268 tuae
1085 1229 1332 1267 sinceritatis
1364 1242 1444 1266 am—

186 1298 350 1346 plector,
385 1310 465 1345 quo
499 1310 583 1334 non
616 1297 752 1333 solum
782 1296 997 1334 audiendis
1030 1295 1250 1344 scripturae
1284 1296 1445 1332 sanctae

187 1362 323 1400 uerbis
352 1375 492 1400 aurem
523 1362 689 1399 sedulus
717 1362 1010 1408 accommodas,
1045 1373 1190 1398 uerum
1220 1359 1345 1397 etiam
1379 1373 1446 1396 no-

187 1428 346 1465 scendis
373 1427 553 1476 priorum
584 1427 709 1476 gestis
738 1427 825 1464 siue
853 1426 981 1473 dictis,
1007 1428 1047 1463 et
1077 1425 1255 1464 maxime
1286 1427 1446 1463 nostrae

187 1493 320 1542 gentis
342 1493 525 1530 uirorum
546 1493 798 1539 inlustrium,
824 1506 963 1530 curam
985 1492 1205 1541 uigilanter
1224 1490 1441 1539 impendis,

189 1558 283 1596 Siue
299 1558 410 1594 enim
431 1557 601 1595 historia
617 1558 667 1595 de
682 1558 800 1595 bonis
820 1558 927 1595 bona
947 1557 1104 1604 referat,
1123 1557 1172 1594 ad
1193 1556 1445 1594 imitandum

186 1624 339 1661 bonum
369 1623 530 1660 auditor
558 1623 758 1660 sollicitus
786 1623 1058 1672 instigatur-²²3
1103 1636 1173 1659 seu
1203 1622 1310 1659 mala
1338 1635 1444 1659 com-

186 1691 383 1726 memoret
421 1689 470 1725 de
506 1688 654 1737 prauis,
697 1688 973 1726 nihilominus
1020 1688 1233 1737 religiosus
1270 1700 1314 1724 ac
1352 1687 1446 1736 pius

186 1753 346 1792 auditor
373 1753 460 1791 siue
489 1754 615 1790 lector
641 1753 861 1791 deuitando
882 1754 989 1802 quod
1010 1753 1181 1791 noxium
1202 1754 1263 1790 est
1282 1765 1326 1789 ac
1356 1766 1444 1801 per-

187 1833 363 1867 uersum,
397 1819 485 1868 ipse
515 1819 722 1856 sollertius
751 1820 801 1857 ad
832 1819 1090 1868 exsequenda
1119 1832 1174 1865 ea,
1209 1831 1311 1867 quae
1340 1818 1446 1856 bona

186 1898 229 1922 ac
250 1885 335 1922 Deo
353 1885 477 1934 digna
497 1898 584 1922 esse
605 1884 856 1934 cognouerit,
883 1884 1127 1922 accenditur.
1171 1884 1287 1932 Quod
1308 1884 1444 1932 ipsum

186 1952 230 1988 tu
274 1964 437 1999 quoque
484 1950 802 2000 uigilantissime
849 1950 1170 1999 deprehendens,
1227 1949 1445 1987 historiam

187 2018 454 2053 memoratam
474 2015 519 2053 in
546 2016 734 2053 notitiam
755 2016 831 2053 tibi
851 2016 977 2053 simul
997 2018 1037 2053 et
1061 2016 1128 2063 eis,
1154 2015 1304 2064 quibus
1323 2017 1364 2052 te
1385 2028 1445 2052 re-

187 2081 329 2130 gendis
353 2081 495 2120 diuina
516 2081 709 2130 praefecit
722 2082 734 2100 ‘¹
754 2081 986 2129 auctoritas,
1011 2081 1062 2118 ob
1081 2081 1286 2130 generalis
1306 2094 1444 2119 curam

187 2146 330 2184 salutis
349 2147 473 2184 latius
492 2147 695 2196 propalari
715 2147 929 2185 desideras.

231 2243 241 2261 ¹
259 2244 304 2274 In
335 2245 482 2274 nomine
514 2245 664 2275 Sanctae
695 2244 892 2283 Trinitatis,
925 2244 1042 2274 Patris
1073 2245 1203 2275 scilicet
1231 2246 1266 2275 et
1295 2245 1378 2275 Filii
1409 2247 1443 2274 et

189 2296 342 2335 Spiritus
385 2297 514 2335 Sancti,
558 2297 692 2335 Incipit
732 2297 911 2327 Praefatio
957 2297 1000 2327 N.
1066 2299 1124 2327 The
1153 2298 1275 2333 Presace
1306 2299 1370 2327 and
1399 2300 1445 2327 tlte

190 2350 325 2384 Capitulcc
348 2350 383 2384 of
399 2351 480 2378 Book
495 2351 516 2378 Ι
530 2351 602 2379 hare
626 2351 695 2378 been
719 2350 772 2378 lost
794 2351 828 2378 in
851 2351 887 2378 B.
936 2351 992 2378 The
1009 2351 1082 2385 first
1097 2358 1175 2386 paye
1198 2351 1233 2386 os
1241 2351 1278 2378 M
1294 2351 1352 2379 has
1375 2351 1444 2379 been

189 2402 275 2429 much
290 2402 401 2430 rzcbbed
417 2403 482 2430 and
496 2403 524 2430 is
540 2403 574 2430 ¹in
588 2411 667 2430 some
682 2403 783 2437 places
799 2403 929 2438 illeyz'ble.

230 2449 243 2469 ²
265 2452 523 2482 meditaturum
541 2452 576 2491 C,
596 2455 660 2482 and
676 2455 735 2482 tlzis
750 2455 779 2482 is
794 2455 856 2482 also
872 2456 917 2483 the
933 2455 1061 2490 readings
1076 2454 1111 2490 of
1121 2453 1206 2484 Sim.
1224 2453 1318 2484 Dun.
1332 2454 1370 2484 ii.
1383 2462 1444 2491 423

189 2502 436 2533 meditandum
452 2504 510 2534 uel
527 2504 785 2535 meditaturum
803 2505 855 2543 Os-

232 2553 243 2570 ³
268 2555 345 2594 -tor,
364 2557 473 2585 altered
489 2559 515 2585 to
529 2557 602 2586 -tur
618 2555 653 2587 C.
668 2556 711 2588 N.

233 2604 243 2621 ⁴
267 2608 435 2637 concessit
452 2607 488 2638 G.

1472 977 1667 1004 Dedication

1471 1020 1504 1043 to
1511 1016 1675 1045 Ceolwulf,

1472 1056 1565 1090 King
1576 1057 1611 1082 ot'
1619 1055 1675 1083 tlw

1471 1095 1648 1122 Northum-

1471 1134 1591 1163 brians.

1471 1569 1584 1596 Bcde's

1470 1608 1591 1635 motivo
1607 1608 1641 1634 in

1470 1647 1613 1680 writing.
