1803 2887
304 149 390 189 308
666 142 873 185 Historia
902 140 1208 183 Ecclesia-stica
1415 144 1500 185 [Lm.
1519 146 1558 176 V.

306 264 404 301 odor
437 261 671 308 uideretur,
712 259 817 297 sicut
846 259 969 295 etiam
1000 257 1072 295 lux
1105 255 1177 293 illa
1207 254 1339 304 campi
1376 253 1562 291 florentis

306 328 466 375 eximia,
484 328 529 365 in
549 325 835 376 conparatione
855 324 950 367 eius,
970 336 1072 372 quae
1091 335 1202 359 nunc
1222 319 1420 370 apparuit,
1445 319 1557 366 lucis,

307 393 551 432 tenuissima
587 404 753 441 prorsus
791 390 1017 435 uidebatur,
1060 390 1101 425 et
1146 399 1279 436 parua.
1350 386 1404 423 In
1448 384 1564 422 cuius

307 460 599 497 amoenitatem
619 457 698 494 loci
717 469 810 494 cum
831 468 906 493 nos
921 455 1143 492 intraturos
1164 464 1381 501 sperarem,
1398 451 1563 499 repente

308 526 451 563 ductor
484 522 695 569 substitit;
725 535 798 559 nec
827 533 951 567 mora,
986 531 1172 569 gressum
1201 518 1444 564 retorquens
1474 515 1563 564 ipsa

307 603 384 637 me,
409 602 488 638 qua
508 588 710 635 uenimus,
734 586 802 624 uia
820 585 993 623 reduxit.

367 654 578 702 ‘Cumque
606 652 758 690 reuersi
787 650 1097 700 perueniremus
1125 648 1175 685 ad
1205 646 1441 685 mansiones
1469 645 1563 682 illas

307 720 434 757 laetas
477 718 697 768 spirituum
739 717 1059 761 candidatorum,
1103 713 1205 752 dixit
1243 712 1373 750 mihi:
1418 710 1554 757 “Scis,

308 797 410 833 quae
429 782 537 821 sintl
558 784 636 821 ista
659 782 806 827 omnia,
833 795 934 831 quae
959 781 1132 819 uidisti?
1147 780 1167 795 '²
1225 777 1433 827 Respondi
1456 789 1530 825 ego
1549 790 1558 814 z

312 850 336 868 “
353 850 390 887 N
394 850 486 888 on.”
542 850 596 887 Et
615 849 671 887 ait
689 863 697 887 :
728 849 753 866 ‘⁴
769 848 902 886 Uallis
922 847 1003 891 illa,
1027 859 1149 895 quam
1169 844 1363 895 aspexisti
1381 843 1561 882 flammis

308 914 568 953 feruentibus
587 917 627 952 et
640 913 861 963 frigoribus
873 913 1073 950 horrenda
1089 911 1239 961 rigidis,
1257 911 1342 960 ipse
1358 912 1418 948 est
1433 911 1557 955 locus,

309 982 353 1018 in
392 994 472 1029 quo
511 979 805 1017 examinandae
851 979 890 1015 et
935 977 1192 1026 castigandae
1234 975 1360 1014 sunt2
1404 975 1566 1013 animae

309 1046 487 1093 illorum,
521 1044 591 1094 qui
617 1044 849 1082 differentes
878 1042 1063 1080 confiteri
1092 1044 1132 1080 et
1161 1043 1377 1080 emendare
1406 1042 1563 1087 scelera,

311 1124 413 1160 quae
447 1110 669 1157 fecerunt3,
712 1109 755 1146 in
794 1109 883 1157 ipso
919 1109 1085 1146 tandem
1123 1108 1268 1146 mortis
1306 1108 1478 1146 articulo
1517 1107 1567 1144 ad

310 1176 604 1225 paenitentiam
626 1174 879 1223 confugiunt,
901 1175 940 1211 et
960 1174 1016 1212 sic
1037 1174 1086 1212 de
1106 1188 1269 1223 corpore
1290 1175 1442 1212 exeunt
1462 1188 1470 1221 ;
1498 1172 1569 1221 qui

311 1245 462 1289 tamen,
488 1242 582 1290 quia
602 1240 898 1278 confessionem
919 1241 959 1277 et
978 1240 1273 1289 paenitentiam
1289 1240 1356 1278 uel
1372 1240 1416 1277 in
1437 1241 1570 1277 morte

311 1307 552 1354 habuerunt,
587 1319 731 1343 omnes
756 1305 800 1343 in
828 1305 893 1343 die
917 1305 1058 1343 iudicii
1084 1306 1134 1344 ad
1164 1318 1339 1354 regnum
1366 1305 1569 1343 caelorum

313 1370 573 1420 perueniunt.
629 1370 782 1408 Multos
801 1372 940 1408 autem
960 1383 1098 1419 preces
1113 1370 1358 1417 uiuentium,
1375 1372 1416 1408 et
1429 1370 1570 1408 elimo-

314 1450 452 1487 synae,
484 1438 524 1474 et
552 1436 711 1483 ieiunia,
746 1438 785 1473 et
814 1436 991 1474 maxime
1021 1436 1235 1474 celebratio
1264 1436 1493 1483 missarum,
1527 1436 1573 1472 ut

316 1502 441 1540 etiam
468 1504 563 1539 ante
597 1502 708 1539 diem
736 1501 876 1539 iudicii
905 1501 1140 1548 liberentur,
1173 1502 1382 1540 adiuuant.
1443 1501 1571 1538 Porro

316 1570 467 1617 puteus
498 1568 568 1605 ille
601 1567 935 1605 11311111111101111184
966 1581 1011 1605 ac
1045 1567 1224 1616 putidus,
1260 1580 1383 1616 quem
1413 1566 1568 1614 uidisti,

317 1633 454 1682 ipsum
484 1635 546 1671 est
577 1646 621 1671 os
650 1634 870 1682 gehennae,
904 1633 948 1670 in
978 1647 1057 1682 quo
1087 1633 1335 1682 quicumque
1363 1632 1487 1670 seme]
1518 1632 1575 1669 in-

319 1698 473 1745 ciderit,
497 1712 729 1748 numquam
758 1699 854 1736 inde
880 1698 1122 1736 liberabitur
1149 1698 1194 1735 in
1222 1711 1382 1736 aeuum.
1443 1697 1576 1735 Locus

320 1777 417 1802 uero
447 1764 524 1802 iste
554 1764 718 1813 florifer,
754 1764 799 1802 in
831 1777 911 1813 quo
943 1763 1264 1813 pulcherrimam
1295 1764 1401 1801 hanc
1437 1763 1578 1800 iuuen-

318 1832 452 1867 tutem
472 1830 687 1868 iucundari
702 1831 714 1849 5
727 1843 770 1868 ac
791 1830 950 1879 fulgere
970 1829 1179 1878 conspicis,
1210 1827 1213 1880 Ι
1240 1829 1326 1877 ipse
1341 1830 1413 1876 est,
1434 1828 1477 1865 in
1498 1840 1578 1877 quo

319 1896 572 1945 recipiuntur
583 1896 594 1913 ⁴³
642 1896 803 1933 animae
847 1909 1000 1941 eorum,
1043 1895 1114 1944 qui
1154 1895 1198 1932 in
1245 1894 1365 1932 bonis
1410 1894 1577 1942 quidem

321 1961 511 2010 operibus
545 1962 595 1999 de
624 1975 791 2010 corpore
825 1963 999 2008 exeunt,
1028 1973 1112 1998 non
1143 1962 1285 1998 tamen
1314 1960 1412 1997 sunt
1440 1960 1579 1997 tantae

320 2026 592 2075 perfectionis,
619 2029 665 2064 ut
679 2027 690 2045 ⁷
712 2027 756 2064 in
776 2039 949 2075 regnum
965 2026 1167 2064 caelorum
1184 2025 1325 2063 statim
1345 2025 1580 2062 mereantur

321 2092 529 2129 introduci
545 2107 554 2139 ;
581 2092 651 2141 qui
675 2094 815 2130 tamen
837 2105 980 2129 omnes
1000 2091 1043 2129 in
1064 2091 1128 2129 die
1147 2090 1287 2128 iudicii
1306 2090 1356 2128 ad
1376 2089 1580 2127 uisionem

322 2157 486 2205 Christi,
539 2159 579 2195 et
617 2157 764 2206 gaudia
801 2157 916 2206 regni
961 2156 1145 2195 caelestis
1187 2155 1412 2194 intrabunt.
1473 2154 1580 2192 Nam

322 2223 572 2272 quicumque
604 2223 649 2260 in
687 2223 801 2261 0111111
833 2223 966 2270 uerbo,
1006 2224 1047 2260 et
1085 2235 1213 2270 opere,
1257 2223 1296 2259 et
1335 2220 1581 2269 cogitatione

322 2288 492 2337 perfecti
531 2290 639 2335 sunt,
682 2301 779 2326 mox
825 2289 874 2326 de
918 2301 1083 2336 corpore
1128 2286 1278 2336 egressi
1318 2286 1368 2323 ad
1408 2298 1582 2334 regnum

324 2354 496 2391 caeleste
524 2353 801 2402 perueniunt;
831 2354 880 2391 ad
911 2353 1025 2390 cuius
1053 2351 1215 2390 uicinaS
1251 2351 1431 2400 pertinet
1468 2351 1583 2388 locus

324 2418 403 2466 ille,
428 2419 498 2456 ubi
524 2432 672 2457 sonum
700 2418 927 2456 cantilenae
954 2417 1085 2455 dulcis
1105 2430 1199 2455 cum
1227 2417 1347 2454 odore
1368 2415 1583 2454 suauitatis

368 2505 377 2522 ¹
402 2507 486 2536 sunt
503 2506 538 2537 C.
641 2504 652 2521 ²
676 2506 749 2535 sint
767 2505 814 2536 M.
914 2504 925 2521 ³
949 2506 1044 2535 -rant
1061 2506 1171 2534 altered
1188 2507 1215 2534 to
1232 2504 1333 2534 —runt
1349 2503 1384 2533 M
1400 2513 1407 2541 ;
1432 2504 1527 2533 -rant
1545 2503 1580 2533 C.

324 2557 334 2575 ⁴
359 2557 487 2588 -fomus
506 2557 554 2589 0¹.
608 2558 621 2578 5
647 2567 697 2588 -re
714 2556 774 2588 M¹.
827 2557 839 2575 ⁶
861 2558 984 2587 -antur
1000 2556 1046 2587 M.
1104 2555 1116 2573 ⁷
1132 2558 1172 2586 ut
1191 2565 1261 2586 non
1279 2555 1326 2587 M.
1371 2554 1382 2571 ²³
1406 2556 1480 2585 -nia
1498 2554 1580 2585 N.C.

1602 1832 1622 1860 f.
1643 1841 1691 1867 109
1705 1831 1733 1859 b.
