1803 2887
0 2319 3 2338 ἱ
45 2310 115 2343 1:56
130 2310 157 2337 b.

229 167 308 197 ceap,
325 162 447 203 XVIl.]
629 154 780 197 Gentis
810 155 1080 209 Awgylorum.
1404 152 1481 190 161

227 272 435 310 aedificata
465 272 523 310 ibi
556 272 732 319 ecclesia,
768 272 973 310 destinam
1003 271 1117 309 illam
1148 283 1242 317 non,
1277 271 1323 306 ut
1353 270 1481 308 antea,

229 337 378 375 deforis
403 338 448 375 in
474 338 767 376 fulcimentum
794 339 942 376 domus
966 336 1253 386 adposuerunt,
1279 334 1347 371 sed
1377 333 1485 369 intro

228 402 359 451 ipsam
379 403 590 441 ecclesiam
611 403 655 441 in
681 403 922 441 memoriam
946 401 1135 439 miraculi
1154 400 1390 450 posuerunt,
1415 397 1486 434 ubi

228 467 428 506 intrantes
456 482 564 517 genu
592 469 764 516 flectere,
799 481 843 505 ac
874 467 1175 505 misericordiae
1204 464 1366 503 caelesti
1392 476 1484 511 sup-

228 534 378 582 plicare
408 535 613 572 deberent.
675 535 927 582 Constatque
959 533 1113 571 multos
1146 545 1194 569 ex
1226 544 1272 568 eo
1302 532 1486 577 tempore

229 599 403 648 gratiam
423 599 610 637 sanitatis
622 599 665 636 in
687 599 830 637 eodem
846 599 933 637 loco
950 599 1189 636 consecutos
1206 611 1214 644 3
1245 595 1346 645 quin
1362 594 1486 633 etiam

229 664 374 702 astulis
403 678 453 702 ex
484 665 571 714 ipsa.
602 664 761 702 destina
790 664 944 711 excisis,
982 665 1023 701 et
1056 663 1099 700 in
1128 661 1298 712 aquam¹
1334 659 1482 705 missis,

228 729 368 778 plures
388 729 466 767 sibi
484 729 649 779 suisque
670 729 886 779 langorum
906 729 1084 767 remedia
1104 727 1367 776 conquisiere.

284 794 437 844 Scripsi
455 796 589 832 autem
612 795 710 833 haec
731 795 781 832 de
806 807 979 844 persona
1005 795 1045 831 et
1072 793 1261 842 operibus
1280 791 1358 830 uiri
1378 804 1488 840 prae-

229 860 303 897 fati
323 874 331 907 ;
360 873 620 910 nequaquam
640 861 685 898 in
712 874 758 898 eo
777 860 950 898 laudans
970 859 1064 898 aut*2
1087 860 1243 908 eligens
1266 858 1352 905 hoc,
1379 856 1487 906 quod

230 926 280 964 de
295 926 577 965 obseruatione
592 927 765 975 paschae
779 927 920 964 minus
934 926 1112 976 perfecte
1127 925 1307 975 sapiebat
1326 939 1334 972 3
1358 924 1488 961 immo

229 991 307 1029 hoc
339 992 521 1030 multum
553 993 769 1039 detestans,
803 992 906 1030 sicut
936 992 981 1030 in
1011 992 1124 1039 libro,
1159 1004 1281 1041 quem
1313 991 1362 1028 de
1390 991 1490 1027 tem-

230 1058 396 1106 poribus
429 1058 635 1106 conposui,
673 1057 1008 1096 manifestissime
1039 1057 1234 1106 probaui;
1273 1056 1343 1094 sed
1376 1054 1490 1104 quasi

229 1137 354 1161 uerax
383 1123 612 1169 historicus,
641 1123 883 1172 simpliciter
912 1137 966 1171 ea,
993 1137 1094 1172 quae
1123 1125 1172 1162 de
1201 1124 1272 1161 1110
1302 1123 1390 1160 siue
1418 1134 1490 1171 per

232 1188 354 1226 illum
374 1191 472 1226 sunt
498 1190 620 1238 gesta,
646 1189 889 1236 describens,
919 1191 960 1227 et
979 1203 1082 1238 quae
1108 1189 1229 1227 laude
1249 1190 1347 1227 sunt
1368 1187 1491 1237 digna

230 1254 275 1291 in
295 1253 382 1291 eius
408 1254 565 1291 actibus
588 1254 770 1301 laudans,
797 1256 917 1303 atque
937 1255 985 1292 ad
1018 1255 1242 1293 utilitatem
1262 1253 1490 1303 legentium

231 1319 453 1357 memoriae
486 1320 809 1367 commendans;
853 1320 1037 1357 studium
1076 1320 1266 1358 uidelicet
1304 1319 1414 1368 pacis
1452 1320 1491 1356 et

232 1384 423 1433 caritatis,
449 1385 725 1423 continentiae
752 1387 792 1422 et
818 1386 1066 1423 humilitatis
1088 1401 1096 1433 3
1127 1385 1314 1423 animum
1343 1385 1426 1423 irae
1452 1387 1491 1422 et

231 1450 423 1488 auaritiae
461 1450 671 1498 uictorem,
709 1451 923 1500 superbiae
953 1451 1079 1489 simul
1114 1453 1153 1489 et
1183 1464 1312 1489 uanae
1340 1450 1493 1500 gloriae

232 1517 554 1563 contemtorem;
595 1516 842 1554 industriam
872 1517 1047 1555 faciendi
1085 1517 1209 1555 simul
1247 1520 1288 1554 et
1321 1516 1494 1554 docendi

231 1582 426 1619 mandata
459 1581 655 1629 caelestia,
695 1581 904 1620 solertiam
942 1583 1130 1621 lectionis
1168 1585 1208 1620 et
1241 1582 1488 1632 uigiliarum,

232 1647 514 1685 auctoritatem
541 1648 746 1685 sacerdote
762 1648 774 1667 ³
801 1648 980 1697 dignam,
1005 1648 1273 1698 redarguendi
1298 1648 1494 1697 superbos

232 1726 276 1751 ac
296 1715 493 1762 potentes,
518 1713 668 1761 pariter
687 1715 727 1750 et
747 1713 935 1752 infirmos
955 1714 1204 1761 consolandi,
1229 1727 1274 1752 ac
1295 1726 1494 1763 pauperes

233 1779 443 1817 recreandi
462 1778 531 1816 uel
547 1778 795 1816 defendendi
808 1779 1081 1818 clementiam.
1144 1779 1232 1827 Qui,
1252 1781 1297 1817 ut
1314 1779 1494 1817 breuiter

233 1844 366 1882 multa
412 1844 755 1892 conprehendam,
800 1847 1001 1894 quantum
1048 1845 1099 1882 ab
1147 1845 1214 1893 eis,
1258 1845 1329 1894 qui
1374 1845 1494 1882 illum

233 1923 395 1957 nouere,
425 1909 654 1957 didicimus,
679 1910 739 1948 nil
760 1924 809 1948 ex
829 1910 1032 1958 omnibus,
1059 1924 1162 1960 quae
1180 1910 1225 1948 in
1246 1910 1494 1960 euangelicis

233 1975 328 2013 uel*
357 1975 586 2024 apostolicis
619 1975 706 2013 siue
737 1976 988 2025 propheticis
1017 1976 1167 2014 litteris
1196 1976 1379 2014 facienda
1409 1989 1494 2025 cog·

239 2043 421 2089 nouerat,
458 2041 796 2089 praetermittere,
832 2042 902 2080 sed
937 2044 1083 2079 cuncta
1115 2055 1187 2091 pro
1221 2042 1305 2079 suis
1338 2042 1496 2079 uiribus

235 2106 424 2156 operibus
459 2106 620 2155 explere
653 2107 827 2145 curabat.
888 2107 1001 2145 Haec
1029 2107 1075 2144 in
1102 2107 1280 2157 praefato
1311 2107 1496 2145 antistite

234 2172 416 2209 multum
444 2171 679 2221 conplector
707 2174 747 2210 et
776 2185 880 2219 amo,
915 2173 1011 2221 quia
1044 2172 1243 2210 nimirum
1276 2173 1375 2210 haec
1407 2173 1493 2210 Deo

232 2237 434 2286 placuisse
463 2251 549 2275 non
582 2237 756 2287 ambigo.
820 2238 936 2286 Quod
966 2240 1106 2276 autem
1133 2239 1284 2288 pascha
1310 2252 1395 2276 non
1422 2251 1495 2276 suo

233 2304 418 2352 tempore
465 2303 717 2351 obseruabat,
748 2300 752 2354 Ι
778 2303 846 2341 1101
901 2303 1144 2342 canonicum
1198 2303 1285 2342 eius
1331 2306 1496 2352 tempus

234 2367 436 2417 ignorans,
479 2368 548 2406 uel
595 2381 692 2406 suae
733 2369 869 2418 gentis
916 2369 1159 2407 auctoritate
1206 2383 1258 2407 ne
1305 2369 1495 2419 agnitum

236 2435 472 2482 sequeretur
496 2433 693 2482 deuictus,
718 2448 804 2472 non
828 2435 1007 2484 adprobo
1035 2448 1111 2473 nec
1139 2435 1272 2474 laudo.
1334 2435 1387 2473 In
1416 2448 1496 2484 quo

279 2536 290 2555 ¹
313 2546 403 2576 aqua
420 2537 462 2569 Β.
585 2537 598 2555 ²
618 2539 677 2570 uel
694 2539 740 2570 M.
880 2538 892 2555 ³
915 2539 1020 2570 -dotii
1036 2540 1078 2571 N.
1218 2540 1228 2558 ⁴
1253 2541 1327 2571 siue
1344 2540 1384 2571 B.
1404 2540 1439 2571 C.
1459 2549 1498 2569 οη

234 2598 365 2620 erasure.

853 2666 884 2690 M

1514 797 1691 824 Character

1513 837 1548 863 of
1558 835 1677 863 Aidan.
