1803 2887
21 306 204 333 Germanus

21 344 149 372 revisits

22 384 155 411 Britain.

21 1218 47 1244 A
63 1217 203 1246 miracle.

251 180 307 219 40
615 176 822 218 Historia
851 176 1158 218 Ecclesiastica
1373 184 1459 225 [Lm.
1475 187 1500 217 Ι.

250 295 407 333 dilatari
421 308 432 341 ,·
466 305 672 340 rursusque
701 293 751 331 ad
780 293 1037 331 beatissimum
1066 291 1202 329 uirum
1223 303 1355 340 preces
1383 303 1505 329 sacer-

249 359 391 397 dotum
421 360 591 397 omnium
620 357 851 405 deferuntur,
884 360 928 395 ut
956 369 1112 396 causam
1139 358 1223 404 Dei,
1253 368 1369 404 quam
1390 357 1505 404 prius

248 423 495 471 obtinuerat1,
521 426 719 461 tutcuetur.
780 423 949 471 Quorum
967 423 1147 470 petitioni
1165 423 1335 469 festinus
1354 421 1505 459 obtem-

247 491 371 538 perat.
430 489 610 536 Namque
644 489 824 526 adiuncto
857 487 934 525 sibi
964 488 1111 535 Seuero,
1145 489 1260 526 totius
1291 488 1506 526 sanctitatis
1528 494 1637 538 anst.

247 556 341 602 uiro,
366 556 432 602 qui
451 555 538 591 erat
558 553 783 602 discipulus
801 552 1029 590 beatissimi
1052 552 1178 602 patris
1197 552 1305 601 Lupi
1324 552 1506 589 Trecase-
1529 534 1646 600 gztgm,

248 633 396 657 norum
435 618 620 668 episcopi,
655 620 695 656 et
733 621 822 656 tunc
852 619 1023 657 Treuiris
1059 619 1257 656 ordinatus
1294 618 1500 665 episcopus,
1529 611 1645 679 {sig-fi·

245 686 420 733 uentibus
449 686 602 732 primae
642 684 869 723 Germaniae
906 684 1064 721 uerbum
1101 684 1358 731 praedicabat,
1401 694 1506 721 mare

247 750 472 797 conscendit,
508 752 546 787 et
570 749 902 788 consentientibus
931 748 1141 796 elementis,
1165 749 1373 796 tranquillo
1396 750 1505 786 naui-

245 816 310 863 yio
331 814 559 853 Brittanias
578 814 683 863 petit
695 813 721 852 ².

301 881 456 919 Interea
498 881 647 919 sinistri
692 881 850 928 spiritus
889 880 1135 927 peruolantes
1177 882 1295 917 totam
1335 879 1506 917 insulam
1528 883 1570 912 ib·
1587 892 1612 911 c.
1628 893 1652 918 3-

251 946 488 985 Germanum
526 947 657 984 uenire
696 947 830 983 inuitis
866 945 1208 983 vaticinationibus
1243 945 1505 990 nuntiabant,·

249 1013 290 1049 in
313 1014 474 1059 tantum,
500 1014 543 1048 ut
567 1010 749 1058 Elaflus3
769 1010 936 1058 quidam,
960 1011 1124 1058 reqionis
1150 1011 1257 1048 illius
1277 1011 1440 1057 primus,
1464 1011 1508 1049 in

248 1088 404 1115 occursu
439 1079 658 1115 sanctorum
690 1077 773 1114 sine
810 1076 892 1113 ulla
929 1075 1125 1122 manifesti
1162 1076 1292 1113 nuntii
1330 1076 1508 1114 relatione

241 1143 480 1190 properaret,
523 1141 697 1179 exhibens
733 1152 857 1179 secum
892 1141 1034 1188 filium,
1072 1152 1181 1188 quem
1217 1142 1258 1178 ‘in
1297 1141 1379 1189 ipso
1408 1142 1508 1188 flore

249 1208 524 1246 adulescentiae
552 1207 725 1244 debilitas
755 1206 913 1243 dolenda
944 1206 1212 1244 damnauerat.
1272 1207 1376 1244 Erat
1407 1208 1508 1245 enim

247 1274 501 1312 arescentibus
532 1273 665 1310 neruis
697 1275 885 1309 contracto
908 1272 1062 1319 poplite,
1102 1272 1164 1309 cui
1193 1283 1267 1319 per
1303 1273 1508 1311 siccitatem

247 1341 370 1377 cruris
384 1351 477 1376 usus
496 1338 647 1385 uestifsii
662 1338 909 1385 neyabatur4.
950 1337 1070 1374 Hunc
1084 1337 1263 1384 Elafizun
1276 1336 1288 1355 ³
1299 1339 1507 1385 prouincia

248 1406 325 1441 tota
343 1404 608 1450 subseqeuntium-,-
638 1403 802 1440 ueniunt
819 1402 1036 1449 sacerdotes,
1061 1403 1222 1439 occurrit
1240 1403 1362 1440 inscia
1384 1404 1508 1440 multi-

248 1470 348 1516 tudo,
366 1469 563 1516 confestim
579 1469 781 1507 benedictio
801 1471 834 1506 et
853 1469 1037 1506 sermonis
1056 1468 1182 1505 cliuini
1201 1468 1374 1506 doctrina
1398 1465 1403 1517 Ι
1421 1480 1508 1516 pro-
1529 1474 1550 1504 f.
1570 1484 1602 1511 ¹4
1613 1484 1640 1503 a.

240 1535 435 1582 fitnditur.
496 1535 786 1582 Recoqnoscunt
799 1534 991 1581 populum
1017 1534 1057 1571 in
1082 1545 1134 1581 ea,
1166 1546 1245 1582 qua
1264 1533 1497 1583 reliquerat,

249 1601 466 1638 credulitate
495 1600 721 1645 durantem,·
754 1600 974 1646 intelleyzmt
1002 1599 1154 1646 culpam
1182 1610 1257 1637 esse
1277 1611 1502 1648 paucorum,

251 1667 452 1713 inquirunt
470 1668 649 1712 auctores,
666 1658 912 1712 vinuentosque
927 1665 1215 1702 condenmant5.
1255 1664 1370 1703 Cum6
1385 1666 1507 1704 subito
1531 1669 1572 1698 ib·
1589 1678 1613 1698 c.
1630 1678 1656 1704 ⁴-

248 1731 432 1778 Elafius³
452 1730 651 1779 pedibus⁷
671 1730 896 1768 aduoluitur
913 1730 1155 1777 sacerdotum,
1181 1730 1342 1776 offerens
1360 1731 1503 1778 filium,

249 1797 360 1834 cuius
378 1798 635 1834 necessitatem
654 1797 741 1843 ipsa
753 1797 926 1834 debilitas
944 1796 1058 1833 etiam
1075 1797 1158 1833 sine
1170 1796 1349 1843 precibus
1363 1797 1510 1845 adleya-

252 1862 316 1899 bat
329 1875 341 1907 ;
369 1862 421 1908 fit
448 1863 660 1900 commanis
688 1863 859 1899 omniurn
888 1862 1002 1905 dolor,
1024 1863 1232 1909 praecipue
1259 1862 1504 1911 sacerdotum,

251 1928 316 1974 qui
335 1931 548 1975 conceptam
567 1927 864 1965 misericordiam
890 1927 940 1964 ad
963 1927 1138 1964 diuinam
1166 1927 1403 1965 clementiam
1428 1940 1510 1966 eon-

250 1993 420 2029 tulerunt
433 2006 444 2037 ,·
474 1993 677 2039 statimque
703 1992 974 2030 cululescentem
994 1992 1124 2030 beatus
1146 1992 1364 2031 Germanus
1388 1994 1510 2032 sedere

250 2058 432 2104 conpulit,
461 2058 644 2095 (altrectat
669 2058 855 2104 poplitem
885 2058 1073 2095 debilitate
1106 2057 1347 2106 cau-nauum,
1383 2061 1418 2096 et
1442 2071 1511 2107 per

252 2125 330 2160 tota
355 2123 591 2169 infirmitatis
613 2124 737 2170 spatia
760 2123 994 2160 medicabilis
1016 2123 1164 2160 dextera
1186 2125 1386 2171 percurrit,
1411 2126 1510 2163 salu-

252 2188 433 2236 bremque
471 2190 616 2225 tactum
652 2189 802 2225 sanitas
831 2187 981 2235 festina
1018 2188 1269 2235 subsequitur.
1330 2188 1511 2228 Ariditas

250 2265 393 2299 suczmz,
427 2255 540 2290 nerui
568 2253 692 2300 officia
719 2255 947 2301 receperunt,
979 2256 1014 2290 et
1043 2254 1083 2290 in
1111 2256 1311 2301 conspectu
1338 2255 1509 2292 omnium

245 2318 331 2364 filio
371 2319 610 2356 incolumitas
623 2318 644 2366 ⁰,
692 2320 797 2366 patri
836 2319 950 2366 filius
994 2318 1236 2356 restituitur.
1301 2319 1510 2366 Inplentur

296 2436 306 2454 ¹
329 2437 450 2467 obten-
467 2436 525 2467 M1.
543 2437 579 2468 C.
714 2436 726 2454 ²
748 2437 854 2476 petiit
872 2437 916 2468 M.
934 2437 992 2475 HI.
1137 2436 1149 2454 3
1171 2437 1317 2474 elabius,
1335 2438 1449 2469 —bium
1465 2439 1506 2470 N.

251 2488 263 2506 ⁴¹
286 2489 335 2519 sic
352 2488 396 2519 M.
415 2489 473 2526 HI.
492 2489 599 2519 Const
617 2499 624 2527 ;
649 2489 794 2520 -bantur
812 2488 848 2520 C.
867 2488 904 2519 B.
926 2489 966 2519 N.
1229 2489 1240 2505 ⁵
1264 2489 1438 2521 damnant
1453 2490 1507 2523 Bl.

249 2539 261 2557 θ
285 2543 392 2571 altered
408 2544 433 2570 to
449 2542 528 2571 tum
544 2540 584 2572 B.
700 2539 711 2557 ⁷
735 2541 900 2572 manibus
918 2541 1033 2572 Const.
1141 2540 1153 2559 ⁸
1175 2542 1360 2572 curbatum
1378 2541 1433 2574 Μ’.
1454 2542 1507 2574 N1.

251 2592 263 2610 ⁹
286 2592 478 2623 incolumis
495 2592 529 2623 C.
551 2590 601 2623 13².
