1803 2887
255 173 334 204 cn.
353 171 476 212 XXX.]
654 165 806 207 Gentis
836 164 1104 219 Anylorum.
1453 165 1506 204 65

305 278 397 317 Post
424 280 627 318 discessum
654 281 952 329 congregationis
978 283 1136 326 nostrae,
1164 290 1261 328 quae
1288 282 1412 317 tecum
1441 281 1504 325 est,
1532 288 1642 333 Lettqr
1657 290 1689 316 to

253 345 367 382 ualde
394 357 528 383 sumus
559 347 734 393 suspensi
761 346 911 393 redditi,
944 347 1037 393 quia
1063 346 1162 383 nili-il
1190 345 1235 383 de
1258 344 1509 392 prosperitate
1531 328 1693 401 ξὲᾟζῗῖᾓ

252 411 373 448 uestri
392 411 537 448 itineris
556 411 708 449 audisse
726 423 794 449 nos
813 412 976 459 contiqit.
1039 411 1135 450 Cum
1155 422 1238 458 erqo
1257 411 1364 447 Deus
1392 420 1478 446 omn
1486 409 1509 445 i·
1531 407 1592 434 60¹-

245 477 381 522 potens
414 487 483 513 uos
519 476 570 513 ad
600 477 948 514 reuerentissimum
983 477 1115 513 uirum
1138 476 1305 522 fratrem
1337 476 1510 512 nostrum

252 538 519 588 Auyustiozzcnz
555 541 767 589 episccmum
803 542 1036 589 perduxerit,
1077 541 1190 578 dicite
1227 541 1270 587 ei,
1313 539 1406 587 quid
1443 539 1510 576 diu

253 616 397 642 mecum
425 605 470 643 de
497 617 614 644 causa
640 605 861 655 Angylorum
893 607 1063 654 coyitans
1089 606 1255 643 tractaui
1270 619 1281 651 ;
1320 604 1504 650 uidelicet,

251 671 344 717 quia
380 670 485 717 fana
520 670 733 709 idolorum¹
772 672 915 709 destrui
950 672 993 708 in
1031 671 1161 709 cadem
1204 673 1313 718 yente
1352 670 1510 707 minime

249 735 407 773 debeant
419 749 432 782 ,·
465 736 530 774 sed
562 737 655 785 ipsa,
689 749 786 784 quae
816 738 859 774 in
890 738 944 774 eis
970 739 1069 782 sunt,
1104 736 1206 773 idola
1237 736 1509 779 destruantum

249 812 351 848 aqua
384 802 577 839 benedicta
601 803 688 849 fiat,
725 803 768 840 in
800 802 938 840 eisdem
962 802 1077 849 fanis
1105 803 1336 849 aspernatur,
1371 800 1512 838 altaria

249 866 525 911 construantur,
560 865 743 912 reliquiae
765 867 974 912 ponantur.
1037 863 1146 912 Quia,
1183 864 1218 901 si
1247 863 1352 910 fana
1382 863 1508 900 eadem

251 928 339 966 bene
366 933 578 968 constructa
609 933 709 978 sunt,
742 942 890 968 necesse
923 933 985 977 est,
1018 933 1063 967 ut
1091 941 1115 967 a
1148 930 1253 967 cultu
1283 929 1511 967 daemonum

249 994 292 1031 in
311 994 483 1042 obsequio
501 996 586 1033 ueri
601 997 676 1034 Dei
693 996 850 1034 debeant
867 997 1091 1034 commutari
1104 1009 1116 1041 ,·
1145 998 1189 1032 ut
1208 995 1300 1032 dum
1316 1006 1408 1043 yens
1428 995 1511 1042 ipsa

251 1060 381 1098 eadem
408 1061 514 1107 fana
550 1073 623 1099 sua
658 1074 735 1099 non
772 1062 877 1099 uidet
922 1062 1074 1108 destrui,
1118 1061 1163 1098 cle
1200 1061 1308 1098 corde
1351 1072 1511 1098 errorem

250 1125 421 1172 deponat,
447 1129 481 1163 ct
501 1127 630 1164 Deum
654 1138 791 1165 uerum
819 1138 1041 1175 cognoscens
1064 1138 1108 1164 ac
1137 1126 1311 1173 adorans,
1336 1126 1387 1163 ad
1415 1126 1505 1173 loca,

250 1203 348 1239 quae
383 1193 587 1239 consueuit,
621 1193 868 1240 familiarius
903 1195 1112 1230 concurrat.
1176 1192 1233 1229 Et
1269 1192 1362 1239 quia
1400 1192 1512 1229 boues

249 1257 368 1295 solent
401 1258 442 1294 in
471 1259 656 1306 sacrificio
689 1259 916 1297 daemonum
945 1259 1084 1296 multos
1116 1258 1284 1304 occidere,
1319 1257 1425 1295 debet
1457 1257 1511 1295 eis

250 1323 365 1360 etiam
401 1323 472 1361 lzac
509 1324 555 1362 de
590 1336 630 1362 re
667 1325 800 1372 aliqua
835 1325 1067 1362 sollemnitas
1102 1324 1326 1369 immutari;
1369 1325 1413 1360 ut
1451 1323 1511 1361 die

249 1388 505 1437 dedicationis,
538 1390 601 1428 uel
630 1391 804 1428 natalicii
836 1393 1053 1428 sanctorum
1089 1392 1314 1437 martyrum,
1348 1400 1510 1436 quorum

248 1453 327 1490 illic
363 1455 548 1502 reliquiae
575 1458 786 1503 ponuntur,
828 1455 1073 1493 tabernacula
1109 1454 1183 1492 sibi
1219 1455 1319 1492 circa
1361 1454 1509 1491 easdem

250 1519 432 1566 ecclesias,
450 1532 546 1568 quae
561 1532 605 1558 ex
614 1521 730 1568 fanis
743 1524 994 1559 commutatae
1013 1523 1112 1567 sunt,
1129 1521 1174 1558 de
1191 1521 1312 1558 ramis
1331 1521 1508 1557 arborum

241 1585 410 1632 faciant,
445 1589 479 1623 et
510 1587 698 1634 religiosis
729 1585 944 1624 conuiuiis²
981 1587 1271 1624 sollemnitatem
1303 1586 1510 1631 celebrent,-

249 1662 316 1688 nec
342 1651 489 1689 diabolo
514 1653 591 1689 iam
620 1653 809 1690 animalia
833 1653 1038 1699 immolent,
1064 1655 1098 1690 et
1120 1652 1171 1689 ad
1200 1652 1351 1689 laudem
1369 1652 1446 1689 Dei
1471 1652 1513 1689 in

251 1728 317 1754 esu
335 1728 404 1754 suo
423 1729 473 1754 an
481 1718 614 1755 imalia
633 1718 813 1764 occidant,
839 1721 874 1756 et
893 1718 1065 1755 donatori
1084 1718 1255 1755 omnium
1275 1718 1319 1754 (le
1337 1718 1513 1755 satietate

250 1793 323 1819 sua
347 1783 495 1830 9ratias
523 1784 713 1830 rescrant;
743 1786 787 1821 ut
815 1783 907 1820 dum
936 1784 989 1821 cis
1018 1783 1149 1831 aliqua
1179 1783 1340 1820 ea'terius
1365 1782 1511 1830 yauclia

250 1851 503 1895 reseruantur,
521 1849 572 1886 ad
586 1849 768 1886 interiora
781 1849 927 1896 glandia
942 1850 1149 1886 consentire
1159 1849 1322 1895 facilius
1340 1848 1506 1885 ualeant.

250 1913 356 1951 Nam
389 1915 496 1952 duris
527 1915 717 1952 mentibus
745 1915 863 1953 simul
896 1915 1025 1952 omnia
1061 1914 1248 1952 abscidere
1286 1914 1514 1961 impossibile

252 1990 329 2017 esse
365 1992 442 2017 non
480 1981 639 2018 dubium
677 1983 741 2028 est,
775 1981 866 2028 quia
901 1983 935 2018 et
975 1981 1016 2027 is,
1051 1981 1118 2027 qui
1155 1991 1350 2017 summum
1389 1979 1512 2016 locum

252 2045 448 2083 ascendere
465 2046 613 2092 nititur,
631 2045 814 2093 aradibus
827 2046 889 2083 uel
898 2045 1090 2093 passibus,
1107 2056 1184 2082 non
1204 2047 1332 2082 autem
1350 2044 1512 2082 saltibus

252 2110 429 2148 cleuatur.
489 2111 552 2149 Sic
579 2112 794 2149 Israelitico
813 2111 956 2158 populo
986 2111 1026 2147 in
1053 2109 1226 2158 Aeyypto
1253 2110 1446 2147 Dominus
1473 2122 1512 2148 se

252 2176 403 2222 quidem
433 2178 622 2222 innotuit;
652 2177 716 2214 sed
743 2179 872 2214 tamen,
901 2177 955 2213 cis
982 2176 1253 2223 sacrificiorum
1281 2187 1384 2222 usus,
1416 2187 1513 2223 quae

64 2236 165 2283 Legjt.
253 2240 399 2279 diabolo
418 2242 558 2279 solebat
577 2242 755 2289 exhibere,
779 2242 821 2279 in
841 2242 939 2278 culto
950 2242 1106 2288 proprio
1125 2241 1336 2278 resemauit
1347 2239 1370 2288 3,
1395 2243 1438 2277 ut
1458 2241 1513 2278 eis

201 2301 206 2306 ¹
252 2306 294 2344 in
317 2318 386 2344 suo
411 2308 596 2355 sacrificio
621 2307 809 2344 animalia
830 2307 1022 2344 inwnolare
1040 2307 1297 2354 praeciperet;
1328 2306 1512 2353 quatinus

254 2382 316 2408 cor
342 2375 542 2420 mutantes,
567 2372 675 2410 aliud
705 2372 749 2410 de
776 2372 963 2419 sacrificio
993 2373 1218 2418 amitterent,
1244 2372 1352 2409 aliud
1379 2372 1510 2409 retine-

252 2439 361 2482 rent‚·
390 2440 434 2474 ut
459 2439 527 2475 etsi
552 2438 636 2485 ipsa
662 2440 784 2475 essent
812 2438 1009 2485 animalia,
1035 2449 1132 2485 quae
1157 2437 1289 2484 offerre
1315 2448 1512 2474 consueue-

254 2505 349 2550 rant,
373 2515 462 2541 uero
490 2507 617 2541 tamen
640 2505 722 2542 Deo
744 2504 835 2542 liaeo
858 2506 891 2542 ct
913 2515 991 2541 non
1021 2504 1131 2541 idolis
1161 2503 1406 2550 immolantes,
1431 2504 1511 2540 iam

341 2584 352 2601 ²
375 2586 555 2617 idulorum
573 2586 630 2618 M1.
751 2585 764 2603 ²
788 2587 858 2617 -uis
874 2587 922 2618 M.
939 2586 992 2618 13¹.
1010 2587 1045 2618 C.
1150 2586 1162 2604 ³
1187 2587 1356 2617 reserabn:
1373 2585 1420 2617 0¹.

844 2655 868 2680 F
