1803 2887
72 1659 212 1686 Pallium

70 1700 149 1726 sent.

302 153 357 192 96
660 152 866 194 Historia
895 153 1203 196 Ecclesiastica
1410 160 1494 202 [Lm.
1512 165 1556 194 ΙΙ.

300 268 457 315 Hocque
488 269 602 306 etiam
635 269 702 306 illa
731 270 840 306 uobis
872 270 1129 317 repensatione
1159 270 1350 307 conlatum
1385 273 1447 316 est,
1482 282 1558 316 qua

299 334 470 371 iniuncto
498 335 705 372 ministerio
734 335 873 381 iuyiter
887 335 1132 382 persistentes
1158 335 1343 372 laudabili
1370 335 1559 382 patientia

301 399 568 436 redemtionem
591 400 715 446 yentis
740 400 846 437 illius
870 399 1141 447 exspectastisss
1170 403 1205 437 et
1228 401 1376 447 uestris,
1408 403 1452 437 ut
1471 412 1560 447 pro-

294 464 459 511 ficerent,
502 465 647 502 meritis
684 476 812 502 eorum
849 468 903 502 est
945 466 1110 502 saluatio
1151 466 1374 512 propinata,
1418 465 1560 503 dicente

299 529 467 566 Domino
487 543 494 566 :
539 529 635 577 ‘Qui
659 530 961 577 perseuerauerit
983 541 1102 577 usque
1126 531 1169 567 in
1182 530 1315 577 finem,
1340 530 1400 567 liic
1425 530 1560 568 saluus

301 595 396 632 erit.'
453 595 607 633 Saluati
635 607 719 643 erqo
747 596 835 633 estis
862 607 927 643 spe
944 597 1156 643 patientiae
1182 598 1217 633 et
1242 596 1462 633 tolerantiae
1484 597 1561 633 uir-

301 662 388 707 tute,
424 663 468 697 ut
489 661 706 707 infidelium
734 661 845 699 eorda
872 661 1045 698 naturali
1073 673 1117 698 ae
1141 662 1398 708 superstitioso
1432 662 1560 699 morbo

292 728 473 772 puryata,
525 727 587 763 sui
632 729 946 774 consequerentur
989 727 1286 764 misericordiam
1330 726 1555 764 Saluatoris.

299 790 489 838 Susceptis
525 804 690 839 namque
717 793 888 840 apicibus
913 793 993 839 filii
1025 793 1148 829 nostri
1175 790 1420 830 Adulualdi2
1448 793 1555 839 reqis,

300 858 545 904 repperimus,
563 861 709 905 quanta
728 860 828 896 sacri
843 859 980 905 eloquii
995 858 1206 895 eruditione
1225 858 1305 895 eius
1320 858 1496 895 animum
1511 857 1561 895 ad

299 933 413 959 uerae
433 925 689 962 conuersionis
714 927 749 961 et
766 924 1007 961 indubitatae
1027 924 1121 970 fidei
1146 923 1406 961 credulitatem
1418 922 1560 969 frater-

300 988 406 1026 nitas
441 991 567 1027 uestra
599 990 831 1036 perduxerit.
913 990 997 1038 Qua
1035 1001 1078 1027 ee
1114 1001 1153 1027 re
1191 989 1235 1026 de
1275 988 1562 1036 lonyanimitate

301 1053 515 1091 clementiae
536 1056 703 1092 caelestis
718 1058 858 1093 certam
877 1056 1117 1093 adsumentes
1129 1054 1329 1101 fiduciam,
1346 1065 1424 1091 non
1439 1054 1562 1090 solum

299 1121 585 1166 suppositarum
597 1121 630 1157 ei
642 1122 813 1167 fflmtium
822 1121 1090 1167 plenissimam
1102 1121 1274 1166 salutem,
1290 1120 1406 1156 immo
1418 1130 1563 1166 quoque

300 1185 531 1233 uicinarum,
555 1188 703 1223 uestrae
718 1186 1016 1233 praedicationis
1041 1186 1252 1223 ministerio
1272 1185 1461 1222 credimus
1479 1184 1562 1222 sub-

300 1251 558 1297 sequendam,-
607 1252 801 1299 quatinus,
843 1252 940 1288 sicut
976 1253 1158 1298 scriptum
1204 1253 1267 1297 est,
1310 1251 1563 1288 consummati

301 1327 383 1363 oper
391 1317 422 1353 is
440 1317 548 1354 uobis
567 1328 703 1354 merces
722 1329 746 1354 a
765 1317 987 1354 retributore
1007 1317 1179 1354 omnium
1196 1317 1380 1354 bonorum
1396 1316 1562 1353 Domino

301 1382 502 1428 tribuatur,
546 1385 580 1420 et
620 1393 708 1419 uere
751 1382 838 1430 ‘per
883 1393 1030 1419 omnem
1077 1385 1217 1420 terram
1263 1382 1379 1419 exisse
1425 1392 1562 1418 sonum

300 1458 439 1494 eorum,
465 1450 500 1484 et
520 1448 559 1484 in
571 1448 675 1494 fines
697 1448 798 1485 orbis
818 1450 938 1485 terrae
966 1448 1084 1485 uerba
1110 1446 1304 1495 ipsorum,'
1328 1446 1562 1484 uniuersalis

297 1514 469 1560 gentium
497 1513 691 1561 confessio,
723 1516 892 1561 suscepto
922 1512 1165 1551 Christianae
1193 1515 1428 1550 sacramento
1451 1512 1557 1559 fidei,

296 1582 530 1626 protestetur.

354 1645 528 1682 Pallium
553 1647 746 1692 praeterea
767 1656 838 1692 per
865 1645 1019 1682 latorem
1038 1645 1302 1693 praesentium
1317 1643 1562 1691 fraternitati

302 1713 398 1758 tuae,
425 1711 668 1759 beniynitatis
686 1711 824 1749 studiis
842 1711 1015 1757 inuitati,
1032 1711 1247 1757 direximus,
1273 1709 1372 1757 quod
1390 1709 1563 1746 uidelicet

301 1779 453 1814 tantum
481 1778 524 1814 in
551 1778 802 1814 saerosanctis
827 1776 1055 1814 celebrandis
1079 1776 1268 1823 mysteriis
1295 1775 1426 1812 utendi
1456 1775 1561 1812 licen-

303 1843 396 1880 tiam
424 1842 750 1889 imperammus*;
792 1841 1029 1878 concedentes
1061 1842 1175 1878 etiam
1205 1841 1272 1877 tibi
1305 1840 1563 1878 ordinationes

300 1909 564 1956 episcoporum,
603 1908 768 1955 exigente
799 1908 1063 1954 oportunitate,
1100 1906 1261 1943 Domini
1289 1906 1563 1953 praeueniente

299 1974 566 2020 misericordia,
601 1973 807 2018 celebrare‚·
849 1973 904 2010 ita
931 1975 975 2009 ut
1005 1970 1145 2010 Christi
1177 1972 1416 2019 euanyelium
1441 1971 1563 2018 pluri-

300 2052 448 2077 morum
477 2039 771 2076 adnuntiatione
797 2039 840 2075 in
865 2038 1042 2075 omnibus
1067 2038 1250 2085 yentibus,
1276 2048 1373 2084 quae
1400 2036 1560 2074 necdum

301 2116 503 2144 conuersae
524 2108 622 2152 sunt,
641 2105 829 2142 dilatetur.
878 2104 1036 2141 Studeat
1052 2115 1135 2151 erqo
1156 2106 1223 2141 tua
1234 2103 1467 2150 fraternitas
1481 2103 1557 2149 hoe,

301 2172 400 2219 quod
412 2172 511 2209 sedis
522 2171 746 2218 apostolicae
758 2170 995 2207 humanitate
1000 2170 1174 2216 percepit,
1186 2169 1413 2205 intemerata
1425 2169 1562 2206 mentis

300 2239 513 2275 sinceritate
525 2248 685 2283 seruare,
696 2236 896 2273 intendens
908 2236 1015 2272 cuius
1030 2235 1083 2272 rei
1098 2234 1349 2271 similitudine
1365 2236 1443 2271 tam
1451 2246 1561 2281 prae-

301 2304 454 2350 cipuum
479 2302 747 2339 indumentum
769 2301 935 2338 humeris
961 2301 1038 2337 tuis
1067 2299 1318 2337 baiulandum
1337 2301 1554 2347 susceperis.

302 2369 504 2415 Talemque
521 2371 553 2405 te
568 2368 729 2405 Domini
744 2367 935 2414 inplorata
955 2366 1149 2403 clementia
1169 2364 1417 2402 exhibendum
1437 2365 1555 2412 stude,

302 2437 345 2471 ut
366 2434 505 2471 indulti
524 2434 697 2470 muneris
716 2433 894 2480 praemia
917 2443 996 2469 non
1022 2442 1107 2468 cum
1127 2430 1366 2477 reatitudine,
1392 2430 1455 2467 scd
1475 2441 1560 2467 cum

346 2531 355 2548 ¹
379 2531 569 2571 expectatis
584 2531 619 2561 C.
635 2529 691 2560 132.
792 2530 803 2547 ²
827 2530 876 2560 sie
892 2529 933 2559 Β]
949 2539 956 2567 ;
980 2529 1154 2559 abelualdi
1172 2528 1214 2558 Β2
1229 2538 1237 2567 ;
1260 2528 1491 2559 aebuluualde
1509 2525 1560 2566 0¹3

303 2583 355 2615 -di
373 2583 422 2615 Οἳ.
515 2583 526 2600 ³
549 2583 597 2613 sio
610 2582 704 2614 MSS.
723 2581 986 2621 impertiuimus
1003 2581 1080 2611 edd.

1583 538 1700 566 Matth.
1722 547 1750 565 x.

1583 587 1624 606 22.

1583 616 1623 645 ef.
1640 617 1730 645 Rom.

1583 665 1649 684 vm.
1668 665 1708 690 ²4-

1586 1386 1636 1414 Ps.
1653 1387 1742 1415 xviii.
1797 1386 1803 1405 ὗ

1585 1447 1624 1493 eh
1641 1466 1731 1494 Rom.

1586 1514 1614 1532 x.
1635 1505 1674 1532 18.
