1803 2887
86 904 188 932 Iacob.
206 903 225 932 i.

87 953 122 971 12.

138 1108 157 1134 f.
176 1117 189 1142 7
205 1107 232 1135 b.

267 208 345 239 CAP.
359 204 452 245 V11.]
687 196 839 239 Gentis
871 197 1142 252 Aozgslorum.
1467 196 1519 236 21

263 313 316 350 In
335 312 460 350 huius
480 325 574 362 ergo
603 312 756 350 uertice
781 314 946 350 sanctus
965 312 1155 350 Albanus
1179 310 1267 348 dari
1294 310 1372 348 sibi
1392 323 1414 348 a
1435 311 1521 348 Deo

262 391 410 427 aquam
436 377 605 426 rogauit,
637 377 869 426 statimque,
903 377 1062 415 incluso
1091 379 1240 424 meatu,
1274 378 1370 414 ante
1398 376 1522 425 pedes

263 443 349 481 eius
377 443 471 480 fons
495 442 689 492 perennis
715 445 879 481 exortus
909 445 980 490 est,
1004 445 1051 480 ut
1081 456 1223 480 omnes
1252 442 1521 491 agnoscerent

262 508 384 546 etiam
411 510 637 545 torrentem
663 508 836 557 martyri
862 508 1104 557 obsequium
1131 507 1353 554 detulisse;
1388 519 1522 555 neque

261 573 373 611 enim
393 573 482 610 fieri
500 575 669 622 poterat,
687 576 732 611 ut
752 574 795 611 in
816 574 941 611 arduo
961 574 1116 611 montis
1135 573 1344 611 cacumine
1363 573 1522 621 martyr

259 651 418 687 aquam,
444 652 567 688 quam
592 639 635 676 in
655 639 783 676 fluuio
812 652 897 676 non
927 639 1159 688 reliquerat,
1187 640 1355 688 peteret,
1381 637 1416 675 si
1445 637 1521 674 hoc

260 706 510 753 oportunum
541 718 627 742 esse
657 718 741 742 non
772 705 940 744 uideret.
1014 704 1092 753 Qui
1128 704 1319 742 uidelicet
1353 704 1518 750 fluuius,

259 770 490 809 ministerio
510 772 729 820 persoluto,
747 771 965 810 deuotione
985 771 1184 821 conpleta,
1205 771 1326 808 officii
1341 773 1523 810 testimo-

261 835 379 874 nium
394 836 645 886 relinquens,
665 850 854 875 reuersus
869 840 931 876 est
952 838 1003 875 ad
1020 839 1221 875 naturam.
1256 837 1519 875 Decollatus¹

260 901 399 950 itaque
441 904 601 952 martyr
637 902 888 940 fortissimus
933 903 1087 941 ibidem
1134 902 1286 951 accepit
1331 916 1522 941 coronam

260 967 380 1015 uitae,
400 981 524 1016 quam
543 968 779 1017 repromisit
800 970 912 1007 Deus
933 969 1200 1019 diligentibus
1220 982 1273 1006 se.
1337 969 1416 1006 Sed
1437 968 1518 1008 ille.

259 1033 330 1082 qui
348 1033 427 1082 piis
448 1033 673 1072 ceruicibus
693 1034 841 1084 impias
861 1035 1005 1073 intulit
1025 1048 1183 1082 manus,
1204 1035 1379 1083 gaudere
1400 1047 1522 1083 super

258 1101 471 1137 mortuum
500 1113 585 1137 non
615 1102 675 1138 est
704 1100 951 1149 permissus;
978 1099 981 1149 ξ
1008 1113 1190 1149 namque
1219 1100 1326 1137 oculi
1356 1099 1444 1137 eius
1476 1099 1521 1137 in

258 1166 410 1202 terram
430 1178 514 1202 una
533 1178 628 1202 cum
648 1165 755 1203 beati
775 1166 972 1215 martyris
991 1165 1122 1214 capite
1142 1164 1393 1203 deciderunt.

313 1231 574 1269 Deccllatus²
603 1233 664 1269 est
694 1231 752 1269 ibi
780 1231 905 1270 etiam
925 1233 1017 1270 tum
1045 1232 1166 1269 miles
1195 1231 1277 1276 ille,
1303 1231 1374 1280 qui
1402 1232 1523 1269 antea

258 1309 435 1345 superno
450 1298 557 1334 nutu
572 1299 793 1346 cori-epum,
814 1299 1003 1335 sanctum
1020 1297 1097 1335 Dei
1113 1297 1387 1335 confessorem
1402 1296 1522 1334 ferire

257 1362 486 1410 recusauit3
529 1362 579 1400 de
612 1376 692 1412 quo
726 1363 927 1401 nimirum
957 1365 1125 1413 constat,
1160 1363 1267 1412 quia,
1301 1362 1379 1400 etsi
1408 1362 1523 1400 fonte

257 1427 516 1476 baptismatis
544 1441 628 1466 non
657 1431 718 1466 est
747 1429 924 1474 ablutus,
955 1429 1019 1466 sui
1048 1431 1189 1467 tamen
1219 1431 1281 1466 est
1310 1427 1522 1477 sanguinis

257 1493 419 1531 lauacro
453 1495 716 1542 mundatus&
755 1507 799 1532 ac
832 1494 948 1544 regni
982 1494 1167 1532 caelestis
1201 1495 1351 1543 dignus
1387 1494 1521 1532 factus

255 1557 453 1607 ingressu.
514 1560 622 1597 Tum
651 1559 784 1607 iudex,
818 1562 933 1598 tanta
959 1560 1254 1598 miraculorum
1284 1559 1521 1597 caelestium

258 1624 444 1662 nouitate
471 1625 700 1674 perculsus,
730 1626 902 1664 cessari⁴
932 1639 1027 1663 mox
1056 1639 1079 1663 a
1106 1625 1390 1674 persecutione
1413 1638 1522 1674 prae-

258 1690 374 1739 cepit,
398 1691 598 1728 honorem
627 1691 777 1729 referre
805 1691 1007 1741 incipiens
1033 1691 1146 1729 caedi
1175 1693 1421 1738 sanctorum,
1451 1703 1523 1739 per

258 1769 383 1805 quam
414 1770 481 1794 eos
515 1756 759 1806 opinabatur
790 1757 903 1806 prius
934 1770 957 1795 a
988 1757 1242 1795 Christianae
1275 1756 1372 1793 fidei
1402 1768 1521 1805 posse
1560 1800 1562 1803 Ι

258 1822 477 1860 deuotione
497 1835 662 1860 cessare.
723 1824 876 1861 Passus
895 1825 957 1861 est
977 1826 1116 1860 autem
1142 1822 1286 1860 beatus
1306 1822 1495 1859 Albanus
1508 1822 1521 1841 ⁵

258 1887 323 1925 die
348 1888 412 1926 .X.
439 1889 722 1927 Kalendarum
744 1889 947 1927 Iuliarum
975 1889 1089 1926 iuxta
1118 1888 1330 1925 ciuitatem
1351 1887 1520 1926 Uerola-

257 1954 400 2001 mium,
434 1968 536 2003 quae
564 1968 674 1993 nunc
704 1968 726 1992 a
754 1957 877 2005 gente
902 1955 1138 2003 Anglorum
1169 1950 1524 1991 Uerlamacaestir⁶

257 2019 344 2057 siue
365 2020 745 2070 Uaeclingacaestir⁷
769 2021 1008 2070 appellatur,
1038 2020 1110 2057 ubi
1138 2022 1288 2069 postea,
1323 2020 1520 2057 redeunte

255 2087 491 2134 temporum
525 2086 854 2124 Christianorum
885 2085 1115 2133 serenitate,
1152 2085 1319 2123 ecclesia
1350 2087 1412 2122 est
1443 2085 1520 2123 mi-

256 2151 374 2189 randi
412 2152 544 2200 operis
582 2154 704 2201 atque
735 2153 821 2190 eius
853 2151 1054 2201 martyrio
1086 2150 1287 2200 condigna
1321 2153 1516 2189 extructa.

256 2217 310 2254 In
331 2230 410 2266 quo
430 2217 621 2255 uidelicet
641 2218 729 2255 loco
749 2231 877 2267 usque
897 2218 947 2255 ad
966 2217 1072 2255 hanc
1096 2217 1206 2254 diem
1233 2217 1388 2255 curatio
1412 2217 1521 2255 infir-

257 2295 432 2330 morum,
475 2286 515 2321 et
553 2283 835 2333 frequentium
870 2283 1049 2333 operatio
1087 2282 1294 2320 uirtutum
1326 2283 1520 2321 celebrari

256 2361 341 2386 non
370 2348 529 2387 desinit.
605 2349 609 2351 ’

312 2414 430 2452 Ρ3551
458 2416 556 2452 sunt
584 2428 632 2453 ea
661 2416 904 2464 tempestate
927 2413 1066 2453 Aaron
1094 2418 1129 2453 et
1155 2415 1288 2453 Iulius
1307 2415 1520 2463 Lemonum

304 2519 315 2536 ¹
339 2520 517 2551 decolatus
534 2520 592 2551 M1.
733 2519 747 2539 2
771 2520 950 2551 decolatus
967 2520 1025 2551 M¹.
1043 2520 1080 2551 C.
1230 2520 1241 2537 3
1266 2521 1321 2551 sui
1338 2544 1346 2552 .
1367 2545 1374 2552 .
1394 2545 1401 2552 .
1418 2531 1521 2551 mun-

261 2571 366 2602 datus
381 2582 437 2602 om.
449 2571 505 2602 Νι.
595 2572 606 2589 ³
629 2573 739 2603 cesari
755 2572 814 2604 M1.
898 2572 909 2590 ⁵
932 2573 1075 2603 albinus
1092 2573 1135 2604 N.
1224 2573 1236 2590 ὓ
1261 2575 1407 2604 -caester
1424 2573 1459 2604 C.
1477 2573 1517 2605 N.

263 2621 274 2639 ⁷
299 2625 446 2654 -caester
458 2624 493 2655 C.
513 2623 557 2654 B‘2
574 2635 581 2663 ;
605 2625 927 2665 ueclinguacaester
942 2625 985 2658 N.
