1803 2887
241 143 320 174 CM».
335 138 444 180 xxl.]
642 130 793 173 Gentis
823 130 1093 185 Anqlorum.
1413 131 1496 171 339

242 247 369 286 biliter
384 247 510 294 possit
538 246 717 293 inueniri,
743 246 808 293 qui
835 246 979 284 mensis
1006 246 1116 283 iuxta
1145 248 1361 293 computum
1386 246 1500 284 lunae

232 314 388 360 primus
430 313 535 359 anni,
579 313 644 359 qui
683 324 760 350 esse
797 312 928 350 debeat
967 313 1138 350 ultimus.
1198 311 1498 358 Aequinoctium

240 381 369 416 autem
394 379 505 416 iuxta
530 379 756 416 sententiam
784 379 957 415 omnium
989 377 1243 415 Orientalium
1272 380 1306 414 et
1334 378 1498 413 maxime

240 443 528 492 Aeqyptiorum,
557 444 623 491 qui
639 455 736 490 prae
762 441 918 481 ceterisl
949 444 1160 481 doctoribus
1183 443 1399 480 calculandi
1416 442 1498 488 pal—

241 522 345 548 mam
378 513 514 556 tenent,
551 510 651 546 XII
678 509 949 546 Kalendarum
981 508 1182 555 Aprilium
1215 509 1274 546 die
1293 508 1500 555 prouenire

242 576 445 622 consueuit,
480 578 524 612 ut
552 576 667 612 etiam
694 575 767 621 ipsi
795 574 1007 621 horoloqica
1028 575 1257 621 inspectione
1277 574 1498 620 probamus.

243 640 506 688 Quaecumque
548 652 632 687 erqo
680 640 774 676 luna
820 643 908 677 ante
955 640 1237 686 aequinoctium
1269 640 1389 686 plena
1432 641 1495 684 est,

241 706 408 743 XIIIP
433 706 611 742 uidelicet
635 706 696 742 uel
721 705 763 741 X
771 705 820 742 V¹²
847 705 1019 751 existens,
1053 705 1143 742 haee
1167 705 1218 742 ad
1239 704 1502 752 praecedentis

243 772 337 808 anni
364 772 619 808 nouissimum
638 771 807 817 pertinet
834 782 1009 817 mensem,
1042 771 1196 817 meoque
1220 770 1386 817 paschae
1418 770 1502 806 cele-

244 837 390 874 brando
409 837 547 874 habilis
566 849 645 874 non
665 839 727 874 est.
791 836 895 884 Quae
915 848 1004 874 uero
1019 839 1108 883 post
1128 837 1416 883 aequmoctimn,
1442 836 1503 872 uel

243 903 285 939 in
305 903 384 949 ipso
404 903 637 949 aequinoctio
657 914 771 939 suum
786 903 1046 948 pleniluniiwz
1068 902 1187 948 habet,
1212 902 1253 938 ‘in
1274 902 1343 938 hae
1363 902 1502 947 absque

241 968 323 1005 ulla
350 968 548 1014 dubietate,
583 969 673 1014 quia
691 969 816 1014 primi
842 968 983 1005 mensis
1007 970 1070 1013 est7
1096 970 1130 1005 ct
1157 968 1332 1014 antiquos
1354 966 1502 1012 pascha

242 1034 423 1071 celebrare
448 1034 584 1080 solitos,
611 1036 645 1071 et
673 1045 750 1079 nos,
774 1034 841 1070 ubi
865 1033 1054 1070 dominica
1080 1034 1160 1070 dics
1186 1033 1394 1078 aduenerit,
1419 1033 1502 1069 cele-

244 1099 351 1136 brare
380 1099 506 1137 debere
533 1099 765 1136 noscendum
794 1101 856 1136 est.
921 1099 1028 1147 Quod
1059 1100 1112 1135 ita
1131 1099 1221 1145 ficri
1249 1098 1413 1145 oportere
1435 1098 1503 1134 ula

2 1200 4 1215 ,2
50 1173 161 1203 Geni.
178 1173 215 1202 16.
243 1166 430 1202 nimirum
458 1166 556 1202 ratio
584 1165 689 1212 coqit,
724 1166 815 1211 qaia
845 1165 888 1201 in
922 1165 1059 1202 Genesi
1091 1165 1274 1211 scriptum
1306 1166 1369 1209 est,
1403 1163 1505 1210 quod

54 2158 75 2187 f.
91 2168 133 2186 121
149 2158 179 2188 b.

251 1231 375 1278 “feeit
396 1232 503 1268 Deus
534 1231 608 1267 (luo
638 1242 778 1277 magma
812 1231 1048 1275 luminaria;
1080 1231 1267 1267 luminare
1293 1230 1431 1274 maius,
1460 1232 1504 1266 ut

236 1299 429 1343 praeesset
460 1297 560 1341 diei;
591 1299 624 1333 et
657 1297 846 1333 luminare
875 1297 1016 1342 minus,
1050 1299 1095 1333 ut
1118 1298 1308 1342 praeesset
1341 1296 1438 1331 nocti
1455 1294 1502 1339 ’';

244 1363 313 1408 uel,
348 1363 446 1399 sicut
474 1362 554 1399 alia
583 1362 676 1398 dicit
704 1362 826 1408 editio,
870 1362 1097 1398 “luminare
1127 1362 1254 1398 maius
1287 1362 1325 1397 in
1358 1361 1504 1397 inchoa-

247 1428 410 1466 tionem2
433 1428 516 1474 diei,
542 1430 576 1464 et
605 1428 794 1464 lmninare
820 1428 950 1464 winus
979 1429 1017 1464 in
1046 1427 1321 1464 inchoationem
1347 1425 1503 1463 uoctis.'⁷

245 1494 353 1532 Sicut
376 1505 459 1541 erqo
477 1495 591 1540 prius
616 1494 670 1530 sol
699 1505 723 1530 a
749 1493 870 1530 medio
887 1493 1096 1539 procedens
1122 1493 1286 1538 orientis,
1311 1492 1506 1538 aequinoc-

247 1560 344 1597 tium
373 1560 528 1596 uernale
558 1570 626 1596 suo
650 1559 833 1606 praefixit
868 1561 1023 1604 exortim
1055 1558 1188 1595 deinde
1219 1558 1323 1604 luna7
1351 1558 1425 1594 sole
1454 1557 1506 1593 ad

246 1636 443 1672 uesperam
481 1625 675 1671 occidente,
719 1627 753 1661 et
789 1625 874 1671 ipsa
901 1624 1023 1670 plena
1059 1636 1082 1661 a
1121 1623 1245 1661 medio
1285 1625 1414 1661 secuta
1453 1624 1506 1660 est

247 1692 431 1736 orientis,·
465 1691 522 1727 ita
553 1692 726 1727 omuibus
769 1691 886 1727 (amis
914 1691 1015 1728 ‘idem
1035 1691 1190 1736 primus
1220 1690 1333 1726 lunae
1366 1689 1508 1725 ‘mensis

246 1758 374 1795 eodem
387 1768 532 1795 necesse
550 1760 603 1795 est
622 1757 753 1794 ordine
773 1757 932 1802 seruari,
950 1760 993 1793 ut
1012 1768 1089 1793 non
1104 1758 1192 1793 ante
1211 1755 1502 1802 aequinoctium,

246 1823 312 1861 sed
336 1824 398 1861 uel
419 1824 497 1870 ipso
524 1823 753 1870 aequinoctii
776 1823 844 1869 die,
869 1823 968 1859 sicut
992 1824 1032 1859 in
1048 1822 1244 1869 principio
1265 1821 1418 1867 factum
1439 1822 1503 1863 est,

249 1889 312 1926 uel
340 1900 379 1926 eo
409 1891 625 1926 transcenso
648 1888 911 1935 plenilunium
939 1887 1073 1924 habere
1103 1887 1239 1924 debeat.
1299 1884 1357 1923 Ac·
1380 1887 1413 1922 si
1432 1897 1508 1922 uno

249 1954 377 1992 saltim
399 1954 457 1991 die
469 1954 728 2001 plenilunium
749 1956 894 2000 tempus
913 1953 1142 1999 aequinoctii
1154 1952 1413 1999 praecesserit,
1430 1963 1510 1988 non

251 2020 350 2057 hane
361 2021 488 2067 primo
508 2021 627 2057 mensi
647 2021 742 2057 anni
770 2019 993 2066 incipientis,
1017 2019 1081 2056 scd
1100 2019 1234 2055 ultimo
1252 2018 1385 2065 potius
1396 2028 1508 2064 prae-

250 2087 351 2124 teriti
378 2087 512 2123 lunam
535 2096 611 2123 esse
634 2085 948 2130 adscribendam5
980 2087 1014 2121 ct
1037 2084 1117 2121 ideo
1133 2085 1248 2131 festis
1261 2083 1509 2131 paschalibus

250 2147 254 2200 Ι
272 2151 478 2190 inhabilem
493 2154 699 2188 memorata
718 2151 815 2187 ratio
827 2150 977 2197 probat.

307 2218 443 2266 ‘Quod
468 2218 502 2254 si
527 2217 728 2264 mysticam
750 2227 895 2263 quoquc
920 2227 990 2253 ‘iios
1017 2216 1060 2252 in
1082 2216 1141 2253 his
1169 2217 1352 2253 rationem
1375 2215 1510 2253 αηᾱίνθ

256 2285 418 2331 delectat,
452 2284 579 2330 primo
612 2293 739 2320 mense
773 2282 880 2328 cinni,
914 2282 980 2328 qui
1008 2283 1123 2319 etiam
1155 2282 1296 2319 mensis
1322 2293 1511 2318 nouorum

261 2350 382 2387 dietus
412 2352 476 2396 est,
509 2348 680 2396 paseha³
707 2348 837 2395 facere
875 2348 1074 2393 iubemur;
1114 2348 1204 2394 quia
1235 2351 1415 2385 renouato
1457 2347 1509 2384 ad

257 2426 423 2453 amorem
464 2415 679 2452 caelestium
720 2415 857 2461 spiritu
894 2414 1035 2451 mentis
1075 2416 1235 2460 nostrae,
1277 2416 1514 2452 sacramenta

253 2480 463 2518 dominicae
505 2480 791 2518 resurrectionis
827 2483 863 2517 et
904 2482 1100 2528 ereptionis
1143 2484 1292 2518 nostrae
1334 2480 1514 2518 celebrum

454 2563 461 2580 ¹
485 2564 597 2594 -ribus
615 2563 660 2594 M.
777 2562 789 2580 ²
812 2564 932 2593 incoh-
950 2563 996 2595 M.
1111 2563 1122 2580 ³
1145 2574 1249 2604 pasca
1264 2564 1312 2595 M.

847 2631 869 2655 Z
891 2631 909 2655 2
