1788 2928
718 541 1026 588 APPENDI
1033 542 1078 588 X
1115 542 1168 589 Π

529 685 603 726 ΤΟ
641 685 1116 735 1NTRODUCT10N,
1154 687 1306 727 PART
1338 688 1369 727 I.

720 812 782 849 DE
812 812 946 849 OBITU
976 812 1162 849 BAEDAE.

340 904 633 942 DILECTISSIMO
654 904 696 941 in
714 904 876 943 Christo
897 904 1101 942 collectori
1117 904 1336 942 Cuthwino
1352 904 1604 943 Cuthbertus

285 969 585 1018 condiscipulus
604 969 647 1007 in
669 971 755 1007 Deo
775 972 982 1008 aeternam
1003 970 1188 1008 salutem.

339 1035 633 1073 Munusculum
667 1036 773 1084 quod
808 1035 962 1073 misisti
1000 1036 1181 1073 multum
1220 1035 1395 1073 libenter
1431 1035 1600 1084 accepi¹.

285 1101 546 1149 multumque
582 1103 790 1149 gratanter
827 1101 986 1139 litteras
1024 1104 1117 1139 tuae
1155 1103 1327 1139 deuotae
1364 1101 1606 1139 eruditionis

286 1165 376 1214 legi,
406 1166 450 1203 in
477 1166 636 1215 quibus,
662 1167 769 1215 quod
796 1167 975 1204 maxime
1002 1167 1289 1214 desiderabam,
1321 1167 1469 1205 missas
1494 1168 1605 1205 uide-

286 1231 381 1268 licet
409 1233 448 1268 et
477 1231 683 1269 oraciones
715 1233 988 1270 sacrosanctas
1018 1246 1092 1280 pro
1123 1234 1208 1270 Deo
1239 1233 1386 1270 dilecto
1416 1235 1529 1282 patre
1562 1247 1605 1270 ac

286 1296 481 1345 magistro
497 1297 635 1334 Baeda
653 1310 676 1334 a
691 1297 809 1334 uobis
824 1297 1044 1347 diligenter
1058 1298 1251 1336 celebrari
1268 1299 1437 1347 repperi.
1486 1299 1607 1337 Unde

287 1362 459 1399 delectat
487 1362 618 1411 magis
650 1376 724 1411 pro
754 1363 842 1400 eius
876 1363 1052 1410 caritate,
1087 1377 1211 1412 quam
1242 1364 1371 1402 fretus
1401 1364 1565 1413 ingenio
1579 1366 1603 1402 '·'.

287 1427 424 1475 paucis
448 1427 704 1465 sermonibus
723 1428 864 1476 dicere,
891 1442 971 1477 quo
991 1429 1133 1466 ordine
1153 1430 1346 1478 migraret
1359 1431 1371 1449 3
1391 1443 1413 1467 a
1433 1430 1603 1475 saeculo,

287 1506 380 1529 cum
415 1492 538 1529 etiam
575 1493 652 1530 hoc
687 1496 728 1530 te
762 1494 1010 1532 desiderasse
1043 1496 1083 1531 et
1119 1494 1373 1543 poposcisse⁴
1407 1494 1604 1532 intellexi.

289 1557 493 1595 Grauatus
519 1560 581 1596 est
607 1558 800 1607 quidem⁵
820 1559 1060 1597 infirmitate
1086 1561 1126 1597 et
1152 1560 1355 1597 maxime⁶
1376 1560 1609 1597 creberrimi

287 1621 503 1669 anhelitus,
529 1624 599 1661 sed
620 1626 761 1661 tamen
780 1638 884 1672 pene
911 1625 1000 1662 sine
1026 1624 1162 1673 aliquo
1189 1625 1326 1662 dolore
1339 1626 1363 1673 ⁷,
1387 1627 1482 1662 ante
1501 1625 1610 1662 diem

287 1690 426 1725 autem
441 1688 452 1707 ⁸
472 1689 782 1727 resurrectionis
807 1689 1022 1737 dominice,
1047 1690 1088 1728 id
1116 1692 1176 1728 est
1201 1690 1284 1727 fere
1312 1691 1470 1728 duabus
1496 1690 1611 1728 ebdo-

288 1753 476 1790 madibus
494 1768 501 1800 ;
532 1756 573 1791 et
593 1754 649 1792 sic
668 1756 809 1804 postea
828 1755 936 1792 letus
957 1757 997 1792 et
1017 1755 1208 1804 gaudens,
1234 1756 1468 1805 graciasque
1488 1769 1611 1805 agens

288 1818 563 1867 omnipotenti
584 1820 669 1857 Deo
689 1820 804 1857 omni
824 1820 888 1857 die
915 1822 955 1858 et
981 1822 1110 1868 nocte,
1134 1820 1263 1858 immo
1283 1821 1394 1858 horis
1419 1821 1612 1859 omnibus

290 1896 416 1933 usque
448 1885 499 1922 ad
531 1885 641 1923 diem
671 1886 938 1924 Ascensionis
971 1887 1209 1934 dominicae,
1245 1887 1287 1924 id
1322 1890 1384 1925 est
1413 1887 1510 1925 VII.
1545 1886 1606 1925 Id.

290 1950 396 1986 Mai⁹
419 1950 549 1987 uitam
572 1951 756 1999 ducebat,
780 1954 821 1989 et
847 1951 966 1989 nobis
993 1953 1077 1989 suis
1103 1952 1316 2001 discipulis
1341 1952 1509 1990 cottidie
1534 1953 1610 1990 lec-

289 2014 424 2051 ciones
437 2015 570 2063 dabat,
588 2017 628 2053 et
643 2016 842 2065 quidquid
857 2017 1060 2066 reliquum
1072 2017 1151 2055 fuit
1165 2016 1191 2036 ¹⁰
1205 2017 1284 2055 diei
1300 2017 1344 2054 in
1360 2018 1610 2066 psalmorum

289 2081 421 2127 cantu,
445 2082 567 2129 prout
591 2082 736 2130 potuit,
762 2095 804 2119 se
819 2081 843 2099 11
865 2082 1111 2131 occupabat3
1140 2084 1271 2120 totam
1291 2096 1388 2120 uero
1402 2082 1427 2101 ¹²
1447 2085 1611 2120 noctem

289 2144 396 2182 letus
428 2145 471 2182 in
503 2146 759 2184 oracionibus
772 2147 797 2167 ¹³
828 2149 869 2185 et
899 2147 1128 2197 graciarum
1158 2148 1320 2185 accione
1349 2149 1435 2186 Deo
1469 2148 1613 2185 ducere

289 2210 479 2248 studebat
491 2209 519 2229 ¹4
557 2211 637 2249 nisi
676 2214 840 2250 tantum
854 2212 881 2231 ¹⁵
920 2213 1105 2250 modicus
1152 2226 1323 2250 somnus
1368 2213 1611 2262 impediret:

334 2306 341 2323 ¹
366 2308 502 2347 suscepi
517 2309 595 2339 edd.
700 2308 712 2325 ²
734 2312 909 2349 quantum
926 2310 1024 2341 fruor
1040 2311 1110 2350 ing.
1129 2311 1205 2341 edd.
1313 2309 1323 2327 ³
1346 2311 1516 2350 migrauit
1532 2312 1610 2343 edd.

289 2358 300 2374 ¹
325 2369 463 2398 poscere
480 2360 558 2391 edd.
729 2361 740 2378 ⁵
764 2362 910 2401 quidem
925 2364 976 2393 est
992 2363 1070 2393 edd.
1241 2361 1253 2378 ⁰
1277 2362 1343 2392 inf.
1360 2364 1516 2393 maxima
1533 2364 1610 2394 edd.

289 2408 300 2426 ⁷
325 2411 410 2441 anh.
427 2411 503 2440 sine
520 2412 637 2442 dolore
653 2414 773 2443 tamen
790 2413 867 2445 edd.
981 2412 992 2429 ⁸
1015 2416 1133 2444 autem
1150 2423 1207 2444 om.
1227 2413 1306 2444 edd.
1409 2414 1420 2431 ⁹
1444 2414 1514 2444 V11
1532 2415 1610 2444 Kal.

290 2462 390 2492 Iunii
406 2463 485 2493 edd.
565 2462 588 2481 ¹⁰
610 2466 684 2494 erat
702 2465 781 2495 edd.
861 2465 882 2481 11
908 2468 1012 2504 prout
1028 2466 1153 2505 potuit,
1174 2476 1208 2495 se
1226 2476 1282 2496 om.
1296 2466 1376 2497 edd.
1455 2464 1478 2482 ¹²
1501 2467 1610 2496 totam

290 2522 427 2552 quoque
443 2513 524 2544 edd.
643 2515 664 2532 ¹³³
689 2517 727 2545 in
745 2516 883 2546 laetitia
899 2516 979 2547 edd.
1099 2515 1121 2533 ¹*
1145 2517 1281 2548 actione
1297 2517 1448 2557 peruigil
1466 2517 1612 2547 ducebat

290 2563 368 2596 edd.
459 2564 483 2582 ¹⁵
506 2568 681 2604 quantum
699 2567 780 2598 edd.
