1803 2887
298 175 384 213 410
712 173 915 229 Epistola
944 174 1057 216 Bede
1086 175 1147 217 ced

299 290 544 338 prouocatus
558 290 799 328 accenderis.
834 289 948 328 Sicut
964 304 985 327 e
1001 290 1213 338 contrario,
1234 290 1269 328 51
1289 290 1556 329 commissum

299 354 375 392 tibi
393 368 416 392 a
436 354 614 392 Domino
635 355 848 404 negotium
874 355 1014 393 minus
1034 355 1253 405 diligenter
1271 356 1551 405 compleueris,
1578 371 1618 399 cf.
1630 371 1750 400 Matth.

299 433 373 469 pro
406 420 636 458 retentione
666 420 814 458 talenti
852 434 946 458 011111
984 434 1101 459 seruo
1139 435 1319 470 nequam
1357 423 1397 459 et
1438 421 1555 470 pigro
1578 412 1729 485 ζζῖῐῗξὲ.
1779 438 1781 474 3

298 487 457 535 partem
478 499 521 523 es
540 488 777 534 recepturus
797 486 842 523 in
862 486 1001 524 futuro
1033 501 1041 534 ;
1062 487 1241 524 maxime
1261 486 1296 524 si
1315 486 1556 536 temporalia
1578 489 1643 517 xix.
1659 499 1698 516 22·
1779 477 1780 485 ἵ

298 551 349 588 ab
374 550 458 588 illis
478 551 693 588 commoda
720 551 925 600 requirere
955 554 1079 601 atque
1109 552 1288 601 accipere
1318 565 1555 601 praesump-

298 616 411 663 seris,
440 615 590 665 quibus
619 616 735 654 nulla
764 617 949 654 caelestis
978 616 1169 655 beneficii
1198 617 1306 654 dona
1335 617 1556 666 rependere

299 681 547 731 probaueris.
604 682 710 720 Cum
730 681 843 719 enim
863 683 1069 720 Dominus
1088 682 1260 720 mittens
1285 682 1335 720 ad
1356 682 1556 731 euangeli-

300 747 478 784 zandum
499 746 719 795 discipulos
738 746 909 785 dixisset
926 761 934 785 :
966 749 974 765 ⁴
988 748 1147 785 Euntes
1167 749 1306 785 autem
1327 747 1554 797 praedicate
1578 759 1695 788 Matth.
1719 769 1748 787 x.
1778 738 1783 777 Ῐ·

302 812 483 850 dicentes
491 812 586 861 quia
597 811 963 861 appropinquauit2
979 826 1153 862 regnum
1168 812 1371 850 caelorum
1385 812 1412 859 ;'
1431 812 1554 861 paulo
1577 807 1599 834 7-

299 879 392 927 post
415 877 605 915 adiunxit
618 878 641 924 ³,
667 877 826 915 dicens:
850 878 1011 915 ‘Gratis
1039 878 1260 927 accepistis,
1285 877 1410 926 gratis
1437 878 1528 915 date
1548 892 1556 926 ;
1580 887 1620 916 ib.
1635 890 1660 921 8,
1678 898 1703 924 9-

300 939 430 978 nolite
445 939 651 989 possidere
669 952 832 986 aurum,
846 953 978 989 neque
990 940 1235 990 argentum.'
1285 940 1328 978 Si
1348 953 1442 989 ergo
1464 939 1559 978 illos

300 1006 424 1055 gratis
455 1006 718 1055 euangelium
747 1006 976 1055 praedicare
1002 1006 1132 1054 iussit,
1157 1019 1291 1056 neque
1320 1019 1468 1044 aurum
1492 1005 1559 1044 uel

300 1073 528 1120 argentum,
572 1071 664 1108 uel4
702 1071 857 1120 aliquid
895 1071 1092 1120 pecuniae
1125 1071 1361 1120 temporalis
1397 1071 1448 1109 ab
1485 1071 1554 1119 eis,

301 1137 450 1186 quibus
486 1136 784 1185 praedicabant,
822 1137 1001 1185 accipere
1034 1136 1221 1186 permisit
1241 1151 1249 1184 3
1293 1136 1402 1185 quid,
1446 1149 1554 1186 rogo,

300 1202 385 1240 illis
405 1202 477 1251 qui
496 1202 560 1239 his
580 1202 780 1239 contraria
800 1204 959 1250 gerunt,
984 1201 1154 1250 periculi
1173 1201 1423 1240 immineat?

72 1277 208 1322 Negleot
223 1277 259 1304 of
358 1277 391 1315 7.
425 1267 608 1305 Attende
625 1267 722 1316 quid
743 1266 977 1316 grauissimi
997 1267 1159 1304 sceleris
1178 1267 1240 1304 illi
1261 1266 1553 1314 commiserint,

70 1317 248 1385 ῗζῗξὲἷὲὲ
303 1333 373 1382 qui
393 1334 434 1370 et
454 1335 617 1370 terrena
641 1332 690 1370 ab
716 1331 969 1370 auditoribus
993 1332 1079 1370 suis
1107 1332 1218 1370 lucra
1245 1332 1557 1381 diligentissime

302 1398 515 1448 requirere,
540 1400 582 1435 et
610 1411 683 1447 pro
711 1411 853 1435 eorum
879 1397 1011 1435 salute
1039 1400 1205 1435 aeterna
1230 1397 1357 1435 nichil
1384 1397 1556 1435 omnino

300 1463 580 1514 praedicando,
614 1463 681 1500 uel
710 1463 974 1511 exhortando,
1013 1463 1080 1500 uel
1112 1463 1371 1512 increpando,
1406 1462 1557 1500 laborIs

300 1529 536 1578 impendere
574 1528 830 1566 contendunt
844 1529 868 1564 5.
939 1528 1121 1567 Sollicite
1161 1530 1284 1578 atque
1328 1528 1559 1566 intentione

301 1595 469 1641 curiosa,
508 1594 682 1632 antistes
719 1594 995 1641 dilectissime,
1029 1594 1245 1644 perpende.
1305 1593 1559 1632 Audiuimus

301 1660 425 1709 enini,
449 1662 490 1698 et
510 1660 619 1698 fama
640 1662 711 1708 est,
737 1659 831 1709 quia
851 1660 1007 1697 multae
1031 1659 1155 1697 uillae
1180 1672 1224 1697 ac
1251 1659 1379 1697 uiculi
1398 1660 1559 1697 nostrae

300 1726 435 1777 gentis
454 1725 498 1763 in
517 1725 730 1763 montibus
750 1725 831 1763 sint
861 1724 1077 1763 inaccessis
1103 1738 1147 1763 ac
1175 1724 1349 1762 saltibus
1372 1725 1559 1762 dumosis

300 1791 435 1841 positi,
472 1791 544 1829 ubi
574 1804 789 1840 nunquam
823 1791 967 1829 multis
1003 1789 1314 1828 transeuntibus
1348 1789 1468 1828 annis
1505 1789 1558 1827 sit

301 1857 415 1895 uisus
435 1857 618 1905 antistes,
644 1857 715 1906 qui
734 1856 888 1894 ibidem
909 1855 1065 1905 aliquid
1079 1855 1299 1893 ministerii
1318 1857 1388 1893 aut
1407 1854 1559 1904 gratiae

301 1923 488 1962 caelestis
504 1923 735 1960 exhibuerit
753 1937 761 1970 3
782 1935 958 1971 quorum
980 1923 1120 1959 tamen
1140 1921 1216 1958 ne6
1232 1921 1366 1958 unus⁷
1391 1920 1558 1970 quidem

298 2003 321 2028 a
341 1988 509 2028 tributis
528 1988 704 2026 antistiti
723 1987 944 2025 reddendis
964 2000 1051 2024 esse
1071 1986 1200 2036 possit
1225 1986 1429 2024 immunis
1446 2000 1454 2033 ;
1484 1999 1558 2023 1100

298 2055 434 2093 50111111
455 2054 607 2092 talibus
621 2053 721 2091 locis
734 2052 838 2090 desit
850 2053 1033 2097 antistes,
1049 2051 1119 2101 qui
1133 2065 1281 2089 manus
1293 2051 1558 2100 impositione

298 2121 523 2170 baptizatos
549 2119 553 2170 Ι
580 2118 807 2166 confirmet,
827 2131 975 2156 uerum
996 2117 1121 2156 etiam
1137 2118 1148 2136 δ’
1162 2117 1298 2154 01111115
1318 2117 1466 2165 doctor,
1485 2117 1558 2166 qui
1580 2131 1600 2158 f.
1618 2140 1650 2167 91
1668 2131 1696 2158 b.

303 2199 371 2225 eos
401 2186 493 2224 uel⁹
526 2185 623 2223 fidei
653 2185 871 2222 ueritatem
909 2183 977 2221 uel
1015 2182 1307 2221 discretionem
1345 2182 1475 2220 bonae
1513 2196 1557 2220 ac

302 2252 434 2290 malae
467 2250 640 2288 actionis
677 2251 850 2297 edoceat,
889 2249 1006 2287 absit.
1069 2248 1216 2297 Sicque
1253 2247 1313 2295 fit,
1351 2249 1398 2285 ut
1412 2246 1439 2266 ¹⁰
1479 2249 1559 2297 epi-

302 2329 519 2366 scoporum
547 2316 713 2364 quidam
739 2328 824 2352 non
851 2315 986 2352 solum
1007 2313 1134 2364 gratis
1154 2326 1238 2350 non
1259 2312 1552 2362 euangelizent,

303 2383 371 2421 uel
404 2394 553 2419 manus
586 2380 776 2418 fidelibus
806 2380 1048 2429 imponant3
1090 2392 1235 2417 uerum
1275 2378 1412 2426 etiam,
1448 2379 1556 2428 quod

347 2491 357 2509 ¹
383 2492 421 2522 in
439 2492 505 2523 fut.
523 2501 558 2522 es
574 2501 641 2521 rec.
659 2490 705 2521 M.
863 2488 875 2506 ²
898 2490 977 2520 -bit.
997 2489 1046 2520 H.
1062 2488 1109 2519 M.
1270 2486 1281 2505 ³
1306 2488 1492 2519 subiunxit
1509 2488 1553 2519 M.

304 2544 316 2562 ⁴
335 2546 371 2575 et
387 2544 434 2575 M.
566 2543 578 2561 ⁵
601 2543 797 2573 intendunt
814 2542 860 2573 M.
996 2541 1007 2559 ⁶
1031 2551 1095 2571 nec
1113 2539 1161 2571 H.
1293 2539 1304 2558 ⁷
1328 2550 1421 2572 unus
1433 2551 1490 2572 om.
1508 2541 1553 2572 M.

303 2596 314 2613 ⁸
336 2599 371 2628 et
389 2597 435 2628 H.
569 2595 581 2614 ⁹
604 2595 660 2626 uel
679 2595 740 2635 qui
757 2605 814 2626 eos
831 2594 876 2626 M.
1013 2593 1036 2610 ¹⁰
1059 2595 1099 2624 ut
1115 2603 1174 2624 om.
1192 2592 1239 2624 M.
