<?xml version="1.0" encoding="UTF-8"?>
<!DOCTYPE html PUBLIC "-//W3C//DTD XHTML 1.0 Transitional//EN"
    "http://www.w3.org/TR/xhtml1/DTD/xhtml1-transitional.dtd">
<html xmlns="http://www.w3.org/1999/xhtml" xml:lang="en" lang="en">
 <head>
  <title>
</title>
<meta http-equiv="Content-Type" content="text/html;charset=utf-8" />
  <meta name='ocr-system' content='tesseract 3.04.00' />
  <meta name='ocr-capabilities' content='ocr_page ocr_carea ocr_par ocr_line ocrx_word'/>
</head>
<body>
  <div class='ocr_page' id='page_1' title='image "./venerabilisbaeda00bedeuoft_0435.png"; bbox 0 0 1803 2887; ppageno 0'>
   <div class='ocr_carea' id='block_1_1' title="bbox 215 170 1468 225">
    <p class='ocr_par' dir='ltr' id='par_1_1' title="bbox 215 170 1468 225">
     <span class='ocr_line' id='line_1_1' title="bbox 215 170 1468 225; baseline -0.001 -14"><span class='ocrx_word' id='word_1_1' title='bbox 215 178 561 220; x_wconf 66' lang='lat' dir='ltr'>CAP.Xx⁷11[X1X].]</span> <span class='ocrx_word' id='word_1_2' title='bbox 624 171 774 213; x_wconf 71' lang='lat' dir='ltr'>Gentis</span> <span class='ocrx_word' id='word_1_3' title='bbox 805 170 1076 225; x_wconf 61' lang='lat' dir='ltr'>Anylorum.</span> <span class='ocrx_word' id='word_1_4' title='bbox 1388 173 1468 211; x_wconf 81' lang='lat'>245</span> 
     </span>
    </p>
   </div>
   <div class='ocr_carea' id='block_1_2' title="bbox 202 285 1472 2558">
    <p class='ocr_par' dir='ltr' id='par_1_2' title="bbox 209 285 1472 716">
     <span class='ocr_line' id='line_1_2' title="bbox 212 285 1472 335; baseline -0.001 -11"><span class='ocrx_word' id='word_1_5' title='bbox 212 287 306 324; x_wconf 91' lang='lat' dir='ltr'>dam</span> <span class='ocrx_word' id='word_1_6' title='bbox 341 286 574 325; x_wconf 70' lang='lat' dir='ltr'>desolatam.</span> <span class='ocrx_word' id='word_1_7' title='bbox 610 299 693 323; x_wconf 92' lang='lat' dir='ltr'>non</span> <span class='ocrx_word' id='word_1_8' title='bbox 723 286 863 335; x_wconf 89' lang='lat' dir='ltr'>procul</span> <span class='ocrx_word' id='word_1_9' title='bbox 897 286 993 323; x_wconf 88' lang='lat' dir='ltr'>inde</span> <span class='ocrx_word' id='word_1_10' title='bbox 1025 286 1158 325; x_wconf 86' lang='lat' dir='ltr'>sitam.</span> <span class='ocrx_word' id='word_1_11' title='bbox 1198 299 1300 334; x_wconf 83' lang='lat' dir='ltr'>quae</span> <span class='ocrx_word' id='word_1_12' title='bbox 1331 285 1472 334; x_wconf 81' lang='lat' dir='ltr'>lingua</span> 
     </span>
     <span class='ocr_line' id='line_1_3' title="bbox 211 339 1471 401; baseline -0.001 -12"><span class='ocrx_word' id='word_1_13' title='bbox 211 339 445 401; x_wconf 75' lang='lat' dir='ltr'>Anglorum</span> <span class='ocrx_word' id='word_1_14' title='bbox 473 352 793 389; x_wconf 75' lang='lat' dir='ltr'>G1·antacaestir²</span> <span class='ocrx_word' id='word_1_15' title='bbox 818 353 1010 390; x_wconf 82' lang='lat' dir='ltr'>uocatur:</span> <span class='ocrx_word' id='word_1_16' title='bbox 1041 354 1080 388; x_wconf 85' lang='lat' dir='ltr'>et</span> <span class='ocrx_word' id='word_1_17' title='bbox 1106 364 1201 388; x_wconf 80' lang='lat' dir='ltr'>mox</span> <span class='ocrx_word' id='word_1_18' title='bbox 1222 351 1471 388; x_wconf 82' lang='lat' dir='ltr'>inuenerunt</span> 
     </span>
     <span class='ocr_line' id='line_1_4' title="bbox 212 416 1472 464; baseline -0.002 -10"><span class='ocrx_word' id='word_1_19' title='bbox 212 417 325 454; x_wconf 77' lang='lat' dir='ltr'>iuxta</span> <span class='ocrx_word' id='word_1_20' title='bbox 354 430 494 454; x_wconf 85' lang='lat' dir='ltr'>muros</span> <span class='ocrx_word' id='word_1_21' title='bbox 524 417 700 454; x_wconf 85' lang='lat' dir='ltr'>ciuitatis</span> <span class='ocrx_word' id='word_1_22' title='bbox 729 416 924 453; x_wconf 89' lang='lat' dir='ltr'>locellum</span> <span class='ocrx_word' id='word_1_23' title='bbox 955 417 1003 453; x_wconf 91' lang='lat' dir='ltr'>de</span> <span class='ocrx_word' id='word_1_24' title='bbox 1032 430 1235 453; x_wconf 91' lang='lat' dir='ltr'>marmore</span> <span class='ocrx_word' id='word_1_25' title='bbox 1263 416 1355 453; x_wconf 87' lang='lat' dir='ltr'>albo</span> <span class='ocrx_word' id='word_1_26' title='bbox 1385 416 1472 464; x_wconf 90' lang='lat' dir='ltr'>pul—</span> 
     </span>
     <span class='ocr_line' id='line_1_5' title="bbox 212 481 1470 530; baseline -0.001 -11"><span class='ocrx_word' id='word_1_27' title='bbox 212 482 411 519; x_wconf 86' lang='lat' dir='ltr'>cherrime</span> <span class='ocrx_word' id='word_1_28' title='bbox 458 482 621 521; x_wconf 86' lang='lat' dir='ltr'>factum.</span> <span class='ocrx_word' id='word_1_29' title='bbox 675 481 863 530; x_wconf 85' lang='lat' dir='ltr'>operculo</span> <span class='ocrx_word' id='word_1_30' title='bbox 921 495 1083 530; x_wconf 88' lang='lat' dir='ltr'>quoque</span> <span class='ocrx_word' id='word_1_31' title='bbox 1130 481 1278 518; x_wconf 88' lang='lat' dir='ltr'>similis</span> <span class='ocrx_word' id='word_1_32' title='bbox 1325 481 1470 529; x_wconf 89' lang='lat' dir='ltr'>lapidis</span> 
     </span>
     <span class='ocr_line' id='line_1_6' title="bbox 210 546 1468 595; baseline -0.001 -11"><span class='ocrx_word' id='word_1_33' title='bbox 210 547 422 595; x_wconf 73' lang='lat' dir='ltr'>aptissime</span> <span class='ocrx_word' id='word_1_34' title='bbox 441 549 608 584; x_wconf 88' lang='lat' dir='ltr'>tectum.</span> <span class='ocrx_word' id='word_1_35' title='bbox 662 547 784 584; x_wconf 90' lang='lat' dir='ltr'>Unde</span> <span class='ocrx_word' id='word_1_36' title='bbox 804 547 1092 595; x_wconf 73' lang='lat' dir='ltr'>intellegentes</span> <span class='ocrx_word' id='word_1_37' title='bbox 1112 560 1133 583; x_wconf 86' lang='lat' dir='ltr'>a</span> <span class='ocrx_word' id='word_1_38' title='bbox 1151 546 1331 584; x_wconf 89' lang='lat' dir='ltr'>Domino</span> <span class='ocrx_word' id='word_1_39' title='bbox 1347 560 1468 583; x_wconf 86' lang='lat' dir='ltr'>suum</span> 
     </span>
     <span class='ocr_line' id='line_1_7' title="bbox 211 612 1468 661; baseline -0.001 -12"><span class='ocrx_word' id='word_1_40' title='bbox 211 612 289 649; x_wconf 90' lang='lat' dir='ltr'>iter</span> <span class='ocrx_word' id='word_1_41' title='bbox 324 626 410 650; x_wconf 87' lang='lat' dir='ltr'>esse</span> <span class='ocrx_word' id='word_1_42' title='bbox 439 614 732 661; x_wconf 84' lang='lat' dir='ltr'>prosperatum.</span> <span class='ocrx_word' id='word_1_43' title='bbox 767 612 919 661; x_wconf 84' lang='lat' dir='ltr'>gratias</span> <span class='ocrx_word' id='word_1_44' title='bbox 947 614 1115 661; x_wconf 82' lang='lat' dir='ltr'>agentes</span> <span class='ocrx_word' id='word_1_45' title='bbox 1144 612 1393 649; x_wconf 83' lang='lat' dir='ltr'>rettulerunt-</span> <span class='ocrx_word' id='word_1_46' title='bbox 1419 612 1468 649; x_wconf 89' lang='lat' dir='ltr'>ad</span> 
     </span>
     <span class='ocr_line' id='line_1_8' title="bbox 209 678 516 716; baseline 0.003 -2"><span class='ocrx_word' id='word_1_47' title='bbox 209 678 516 716; x_wconf 79' lang='lat' dir='ltr'>monasterium.</span> 
     </span>
    </p>

    <p class='ocr_par' dir='ltr' id='par_1_3' title="bbox 202 742 1469 2558">
     <span class='ocr_line' id='line_1_9' title="bbox 264 742 1468 792; baseline -0.001 -12"><span class='ocrx_word' id='word_1_48' title='bbox 264 743 451 792; x_wconf 86' lang='lat' dir='ltr'>Cumque</span> <span class='ocrx_word' id='word_1_49' title='bbox 480 756 627 791; x_wconf 83' lang='lat' dir='ltr'>corpus</span> <span class='ocrx_word' id='word_1_50' title='bbox 660 755 792 780; x_wconf 83' lang='lat' dir='ltr'>sacrae</span> <span class='ocrx_word' id='word_1_51' title='bbox 827 743 1003 792; x_wconf 81' lang='lat' dir='ltr'>uirginis</span> <span class='ocrx_word' id='word_1_52' title='bbox 1032 756 1076 780; x_wconf 88' lang='lat' dir='ltr'>ac</span> <span class='ocrx_word' id='word_1_53' title='bbox 1109 756 1280 791; x_wconf 78' lang='lat' dir='ltr'>sponsae</span> <span class='ocrx_word' id='word_1_54' title='bbox 1314 742 1468 781; x_wconf 86' lang='lat' dir='ltr'>Christi</span> 
     </span>
     <span class='ocr_line' id='line_1_10' title="bbox 209 808 1468 857; baseline -0.001 -12"><span class='ocrx_word' id='word_1_55' title='bbox 209 810 346 856; x_wconf 88' lang='lat' dir='ltr'>aperto</span> <span class='ocrx_word' id='word_1_56' title='bbox 376 809 592 857; x_wconf 86' lang='lat' dir='ltr'>sepulchro</span> <span class='ocrx_word' id='word_1_57' title='bbox 625 811 731 846; x_wconf 84' lang='lat' dir='ltr'>esset</span> <span class='ocrx_word' id='word_1_58' title='bbox 761 808 968 857; x_wconf 88' lang='lat' dir='ltr'>prolatum</span> <span class='ocrx_word' id='word_1_59' title='bbox 1003 808 1044 845; x_wconf 91' lang='lat' dir='ltr'>in</span> <span class='ocrx_word' id='word_1_60' title='bbox 1078 809 1223 848; x_wconf 82' lang='lat' dir='ltr'>lucem.</span> <span class='ocrx_word' id='word_1_61' title='bbox 1254 808 1313 846; x_wconf 85' lang='lat' dir='ltr'>ita</span> <span class='ocrx_word' id='word_1_62' title='bbox 1341 808 1468 845; x_wconf 89' lang='lat' dir='ltr'>incor-</span> 
     </span>
     <span class='ocr_line' id='line_1_11' title="bbox 209 874 1462 922; baseline 0.001 -12"><span class='ocrx_word' id='word_1_63' title='bbox 209 876 379 922; x_wconf 90' lang='lat' dir='ltr'>ruptum</span> <span class='ocrx_word' id='word_1_64' title='bbox 403 874 623 911; x_wconf 87' lang='lat' dir='ltr'>inuentum</span> <span class='ocrx_word' id='word_1_65' title='bbox 644 876 715 913; x_wconf 87' lang='lat' dir='ltr'>est.</span> <span class='ocrx_word' id='word_1_66' title='bbox 735 887 778 911; x_wconf 86' lang='lat' dir='ltr'>ac</span> <span class='ocrx_word' id='word_1_67' title='bbox 799 875 833 911; x_wconf 87' lang='lat' dir='ltr'>si</span> <span class='ocrx_word' id='word_1_68' title='bbox 855 875 997 912; x_wconf 88' lang='lat' dir='ltr'>eodem</span> <span class='ocrx_word' id='word_1_69' title='bbox 1014 874 1078 911; x_wconf 90' lang='lat' dir='ltr'>die</span> <span class='ocrx_word' id='word_1_70' title='bbox 1098 874 1243 911; x_wconf 82' lang='lat' dir='ltr'>fuisset</span> <span class='ocrx_word' id='word_1_71' title='bbox 1260 874 1462 917; x_wconf 73' lang='lat' dir='ltr'>defuncta,</span> 
     </span>
     <span class='ocr_line' id='line_1_12' title="bbox 209 939 1462 988; baseline -0.001 -12"><span class='ocrx_word' id='word_1_72' title='bbox 209 939 295 976; x_wconf 91' lang='lat' dir='ltr'>siue</span> <span class='ocrx_word' id='word_1_73' title='bbox 315 940 443 976; x_wconf 88' lang='lat' dir='ltr'>humo</span> <span class='ocrx_word' id='word_1_74' title='bbox 464 940 626 976; x_wconf 88' lang='lat' dir='ltr'>condita</span> <span class='ocrx_word' id='word_1_75' title='bbox 644 954 652 986; x_wconf 89' lang='lat'>;</span> <span class='ocrx_word' id='word_1_76' title='bbox 682 940 787 976; x_wconf 84' lang='lat' dir='ltr'>sicut</span> <span class='ocrx_word' id='word_1_77' title='bbox 813 942 854 977; x_wconf 83' lang='lat' dir='ltr'>et</span> <span class='ocrx_word' id='word_1_78' title='bbox 878 940 1082 988; x_wconf 79' lang='lat' dir='ltr'>praefatus</span> <span class='ocrx_word' id='word_1_79' title='bbox 1106 939 1278 976; x_wconf 82' lang='lat' dir='ltr'>antistes</span> <span class='ocrx_word' id='word_1_80' title='bbox 1298 939 1462 985; x_wconf 75' lang='lat' dir='ltr'>Uilfrid,</span> 
     </span>
     <span class='ocr_line' id='line_1_13' title="bbox 208 1004 1469 1053; baseline -0.001 -11"><span class='ocrx_word' id='word_1_81' title='bbox 208 1007 248 1042; x_wconf 81' lang='lat' dir='ltr'>et</span> <span class='ocrx_word' id='word_1_82' title='bbox 266 1005 389 1042; x_wconf 89' lang='lat' dir='ltr'>multi</span> <span class='ocrx_word' id='word_1_83' title='bbox 409 1005 487 1043; x_wconf 79' lang='lat' dir='ltr'>alii.</span> <span class='ocrx_word' id='word_1_84' title='bbox 514 1005 584 1053; x_wconf 86' lang='lat' dir='ltr'>qui</span> <span class='ocrx_word' id='word_1_85' title='bbox 605 1019 768 1051; x_wconf 81' lang='lat' dir='ltr'>nouere,</span> <span class='ocrx_word' id='word_1_86' title='bbox 792 1007 999 1042; x_wconf 82' lang='lat' dir='ltr'>testantur</span> <span class='ocrx_word' id='word_1_87' title='bbox 1019 1019 1026 1051; x_wconf 86' lang='lat'>;</span> <span class='ocrx_word' id='word_1_88' title='bbox 1058 1005 1126 1042; x_wconf 88' lang='lat' dir='ltr'>sed</span> <span class='ocrx_word' id='word_1_89' title='bbox 1145 1005 1305 1042; x_wconf 84' lang='lat' dir='ltr'>certiori</span> <span class='ocrx_word' id='word_1_90' title='bbox 1321 1004 1469 1042; x_wconf 84' lang='lat' dir='ltr'>notitia</span> 
     </span>
     <span class='ocr_line' id='line_1_14' title="bbox 207 1070 1467 1119; baseline 0 -12"><span class='ocrx_word' id='word_1_91' title='bbox 207 1070 390 1107; x_wconf 85' lang='lat' dir='ltr'>medicus</span> <span class='ocrx_word' id='word_1_92' title='bbox 419 1070 615 1119; x_wconf 83' lang='lat' dir='ltr'>Cynifrid.</span> <span class='ocrx_word' id='word_1_93' title='bbox 647 1070 717 1119; x_wconf 89' lang='lat' dir='ltr'>qui</span> <span class='ocrx_word' id='word_1_94' title='bbox 746 1072 785 1107; x_wconf 92' lang='lat' dir='ltr'>et</span> <span class='ocrx_word' id='word_1_95' title='bbox 815 1070 1009 1108; x_wconf 85' lang='lat' dir='ltr'>morienti</span> <span class='ocrx_word' id='word_1_96' title='bbox 1038 1070 1111 1117; x_wconf 82' lang='lat' dir='ltr'>illi,</span> <span class='ocrx_word' id='word_1_97' title='bbox 1137 1073 1177 1107; x_wconf 85' lang='lat' dir='ltr'>et</span> <span class='ocrx_word' id='word_1_98' title='bbox 1207 1070 1388 1107; x_wconf 85' lang='lat' dir='ltr'>eleuatae</span> <span class='ocrx_word' id='word_1_99' title='bbox 1418 1070 1467 1107; x_wconf 87' lang='lat' dir='ltr'>de</span> 
     </span>
     <span class='ocr_line' id='line_1_15' title="bbox 207 1134 1468 1184; baseline 0 -12"><span class='ocrx_word' id='word_1_100' title='bbox 207 1134 395 1173; x_wconf 79' lang='lat' dir='ltr'>tumulo²</span> <span class='ocrx_word' id='word_1_101' title='bbox 431 1136 590 1182; x_wconf 85' lang='lat' dir='ltr'>adfuit;</span> <span class='ocrx_word' id='word_1_102' title='bbox 636 1136 705 1184; x_wconf 90' lang='lat' dir='ltr'>qui</span> <span class='ocrx_word' id='word_1_103' title='bbox 744 1136 891 1174; x_wconf 85' lang='lat' dir='ltr'>referre</span> <span class='ocrx_word' id='word_1_104' title='bbox 930 1138 1014 1174; x_wconf 84' lang='lat' dir='ltr'>erat</span> <span class='ocrx_word' id='word_1_105' title='bbox 1052 1136 1208 1182; x_wconf 79' lang='lat' dir='ltr'>solitus,</span> <span class='ocrx_word' id='word_1_106' title='bbox 1248 1136 1357 1184; x_wconf 88' lang='lat' dir='ltr'>quod</span> <span class='ocrx_word' id='word_1_107' title='bbox 1396 1135 1468 1173; x_wconf 84' lang='lat' dir='ltr'>illa</span> 
     </span>
     <span class='ocr_line' id='line_1_16' title="bbox 206 1201 1467 1247; baseline 0 -9"><span class='ocrx_word' id='word_1_108' title='bbox 206 1201 414 1238; x_wconf 82' lang='lat' dir='ltr'>infirmata</span> <span class='ocrx_word' id='word_1_109' title='bbox 452 1201 639 1238; x_wconf 77' lang='lat' dir='ltr'>habuerit</span> <span class='ocrx_word' id='word_1_110' title='bbox 670 1204 875 1239; x_wconf 87' lang='lat' dir='ltr'>tumorem</span> <span class='ocrx_word' id='word_1_111' title='bbox 904 1201 1134 1238; x_wconf 76' lang='lat' dir='ltr'>maximum</span> <span class='ocrx_word' id='word_1_112' title='bbox 1165 1202 1240 1238; x_wconf 91' lang='lat' dir='ltr'>sub</span> <span class='ocrx_word' id='word_1_113' title='bbox 1270 1201 1467 1247; x_wconf 72' lang='lat' dir='ltr'>maxilla3</span> 
     </span>
     <span class='ocr_line' id='line_1_17' title="bbox 211 1267 1462 1316; baseline 0 -12"><span class='ocrx_word' id='word_1_114' title='bbox 211 1267 533 1315; x_wconf 75' lang='lat' dir='ltr'>·1usseruntque</span> <span class='ocrx_word' id='word_1_115' title='bbox 561 1268 656 1314; x_wconf 46' lang='lat' dir='ltr'>mes</span> <span class='ocrx_word' id='word_1_116' title='bbox 676 1267 825 1316; x_wconf 78' lang='lat' dir='ltr'>inquit,</span> <span class='ocrx_word' id='word_1_117' title='bbox 864 1267 1062 1304; x_wconf 70' lang='lat' dir='ltr'>‘incidere</span> <span class='ocrx_word' id='word_1_118' title='bbox 1091 1269 1299 1304; x_wconf 83' lang='lat' dir='ltr'>tumorem</span> <span class='ocrx_word' id='word_1_119' title='bbox 1329 1267 1462 1309; x_wconf 79' lang='lat' dir='ltr'>illum,</span> 
     </span>
     <span class='ocr_line' id='line_1_18' title="bbox 206 1331 1466 1381; baseline 0.001 -13"><span class='ocrx_word' id='word_1_120' title='bbox 206 1334 251 1369; x_wconf 76' lang='lat' dir='ltr'>ut</span> <span class='ocrx_word' id='word_1_121' title='bbox 294 1331 475 1369; x_wconf 90' lang='lat' dir='ltr'>efflueret-</span> <span class='ocrx_word' id='word_1_122' title='bbox 522 1332 669 1369; x_wconf 79' lang='lat' dir='ltr'>noxius</span> <span class='ocrx_word' id='word_1_123' title='bbox 718 1346 846 1379; x_wconf 74' lang='lat' dir='ltr'>umor,</span> <span class='ocrx_word' id='word_1_124' title='bbox 894 1333 964 1381; x_wconf 88' lang='lat' dir='ltr'>qui</span> <span class='ocrx_word' id='word_1_125' title='bbox 1008 1332 1168 1379; x_wconf 75' lang='lat' dir='ltr'>inerat;</span> <span class='ocrx_word' id='word_1_126' title='bbox 1210 1333 1317 1381; x_wconf 89' lang='lat' dir='ltr'>quod</span> <span class='ocrx_word' id='word_1_127' title='bbox 1366 1332 1466 1369; x_wconf 89' lang='lat' dir='ltr'>dum</span> 
     </span>
     <span class='ocr_line' id='line_1_19' title="bbox 204 1397 1466 1446; baseline 0 -12"><span class='ocrx_word' id='word_1_128' title='bbox 204 1400 388 1444; x_wconf 68' lang='lat' dir='ltr'>facerem,</span> <span class='ocrx_word' id='word_1_129' title='bbox 428 1397 644 1435; x_wconf 89' lang='lat' dir='ltr'>uidebatur</span> <span class='ocrx_word' id='word_1_130' title='bbox 677 1398 747 1435; x_wconf 83' lang='lat' dir='ltr'>illa.</span> <span class='ocrx_word' id='word_1_131' title='bbox 780 1411 851 1446; x_wconf 89' lang='lat' dir='ltr'>per</span> <span class='ocrx_word' id='word_1_132' title='bbox 881 1398 1053 1435; x_wconf 84' lang='lat' dir='ltr'>biduum</span> <span class='ocrx_word' id='word_1_133' title='bbox 1087 1398 1297 1446; x_wconf 88' lang='lat' dir='ltr'>aliquanto</span> <span class='ocrx_word' id='word_1_134' title='bbox 1332 1398 1466 1435; x_wconf 83' lang='lat' dir='ltr'>leuius</span> 
     </span>
     <span class='ocr_line' id='line_1_20' title="bbox 204 1463 1465 1512; baseline 0 -12"><span class='ocrx_word' id='word_1_135' title='bbox 204 1463 379 1510; x_wconf 79' lang='lat' dir='ltr'>habere3</span> <span class='ocrx_word' id='word_1_136' title='bbox 426 1463 483 1500; x_wconf 83' lang='lat' dir='ltr'>ita</span> <span class='ocrx_word' id='word_1_137' title='bbox 522 1465 567 1500; x_wconf 79' lang='lat' dir='ltr'>ut</span> <span class='ocrx_word' id='word_1_138' title='bbox 606 1463 730 1501; x_wconf 87' lang='lat' dir='ltr'>multi</span> <span class='ocrx_word' id='word_1_139' title='bbox 769 1466 974 1512; x_wconf 70' lang='lat' dir='ltr'>putarent,</span> <span class='ocrx_word' id='word_1_140' title='bbox 1018 1464 1113 1512; x_wconf 84' lang='lat' dir='ltr'>quia</span> <span class='ocrx_word' id='word_1_141' title='bbox 1156 1464 1290 1501; x_wconf 81' lang='lat' dir='ltr'>sanari</span> <span class='ocrx_word' id='word_1_142' title='bbox 1328 1466 1465 1512; x_wconf 80' lang='lat' dir='ltr'>posset</span> 
     </span>
     <span class='ocr_line' id='line_1_21' title="bbox 203 1529 1466 1578; baseline 0 -12"><span class='ocrx_word' id='word_1_143' title='bbox 203 1542 226 1566; x_wconf 88' lang='lat' dir='ltr'>a</span> <span class='ocrx_word' id='word_1_144' title='bbox 277 1529 454 1578; x_wconf 82' lang='lat' dir='ltr'>langore.</span> <span class='ocrx_word' id='word_1_145' title='bbox 524 1529 661 1566; x_wconf 87' lang='lat' dir='ltr'>Tertia</span> <span class='ocrx_word' id='word_1_146' title='bbox 703 1532 840 1567; x_wconf 80' lang='lat' dir='ltr'>aut-em</span> <span class='ocrx_word' id='word_1_147' title='bbox 894 1530 958 1566; x_wconf 89' lang='lat' dir='ltr'>die</span> <span class='ocrx_word' id='word_1_148' title='bbox 1001 1529 1206 1577; x_wconf 85' lang='lat' dir='ltr'>prioribus</span> <span class='ocrx_word' id='word_1_149' title='bbox 1245 1529 1466 1578; x_wconf 83' lang='lat' dir='ltr'>adgrauata</span> 
     </span>
     <span class='ocr_line' id='line_1_22' title="bbox 204 1594 1464 1643; baseline 0.001 -12"><span class='ocrx_word' id='word_1_150' title='bbox 204 1594 421 1641; x_wconf 81' lang='lat' dir='ltr'>doloribus,</span> <span class='ocrx_word' id='word_1_151' title='bbox 468 1597 509 1631; x_wconf 77' lang='lat' dir='ltr'>et:</span> <span class='ocrx_word' id='word_1_152' title='bbox 551 1597 666 1643; x_wconf 82' lang='lat' dir='ltr'>rapta</span> <span class='ocrx_word' id='word_1_153' title='bbox 716 1595 932 1632; x_wconf 82' lang='lat' dir='ltr'>confestim</span> <span class='ocrx_word' id='word_1_154' title='bbox 977 1595 1026 1632; x_wconf 90' lang='lat' dir='ltr'>de</span> <span class='ocrx_word' id='word_1_155' title='bbox 1067 1595 1234 1639; x_wconf 81' lang='lat' dir='ltr'>mundo,</span> <span class='ocrx_word' id='word_1_156' title='bbox 1282 1595 1464 1632; x_wconf 82' lang='lat' dir='ltr'>dolorem</span> 
     </span>
     <span class='ocr_line' id='line_1_23' title="bbox 204 1660 1460 1709; baseline 0.001 -12"><span class='ocrx_word' id='word_1_157' title='bbox 204 1673 371 1697; x_wconf 89' lang='lat' dir='ltr'>omnem</span> <span class='ocrx_word' id='word_1_158' title='bbox 398 1673 442 1697; x_wconf 88' lang='lat' dir='ltr'>ac</span> <span class='ocrx_word' id='word_1_159' title='bbox 474 1662 652 1697; x_wconf 87' lang='lat' dir='ltr'>mortem</span> <span class='ocrx_word' id='word_1_160' title='bbox 682 1663 879 1709; x_wconf 85' lang='lat' dir='ltr'>perpetua</span> <span class='ocrx_word' id='word_1_161' title='bbox 911 1660 1043 1698; x_wconf 85' lang='lat' dir='ltr'>salute</span> <span class='ocrx_word' id='word_1_162' title='bbox 1077 1673 1120 1697; x_wconf 87' lang='lat' dir='ltr'>ac</span> <span class='ocrx_word' id='word_1_163' title='bbox 1154 1660 1240 1697; x_wconf 88' lang='lat' dir='ltr'>uita</span> <span class='ocrx_word' id='word_1_164' title='bbox 1271 1660 1460 1698; x_wconf 84' lang='lat' dir='ltr'>mutauit.</span> 
     </span>
     <span class='ocr_line' id='line_1_24' title="bbox 204 1726 1465 1777; baseline 0.001 -15"><span class='ocrx_word' id='word_1_165' title='bbox 204 1726 390 1774; x_wconf 82' lang='lat' dir='ltr'>Cumque</span> <span class='ocrx_word' id='word_1_166' title='bbox 409 1728 499 1774; x_wconf 88' lang='lat' dir='ltr'>post</span> <span class='ocrx_word' id='word_1_167' title='bbox 522 1728 583 1777; x_wconf 86' lang='lat' dir='ltr'>tot</span> <span class='ocrx_word' id='word_1_168' title='bbox 608 1738 738 1763; x_wconf 87' lang='lat' dir='ltr'>annos</span> <span class='ocrx_word' id='word_1_169' title='bbox 761 1726 960 1763; x_wconf 81' lang='lat' dir='ltr'>eleuanda</span> <span class='ocrx_word' id='word_1_170' title='bbox 984 1728 1122 1763; x_wconf 80' lang='lat' dir='ltr'>essent</span> <span class='ocrx_word' id='word_1_171' title='bbox 1149 1739 1238 1764; x_wconf 84' lang='lat' dir='ltr'>ossa</span> <span class='ocrx_word' id='word_1_172' title='bbox 1262 1726 1311 1763; x_wconf 89' lang='lat' dir='ltr'>de</span> <span class='ocrx_word' id='word_1_173' title='bbox 1334 1726 1465 1774; x_wconf 91' lang='lat' dir='ltr'>sepul-</span> 
     </span>
     <span class='ocr_line' id='line_1_25' title="bbox 204 1790 1460 1841; baseline 0.002 -14"><span class='ocrx_word' id='word_1_174' title='bbox 204 1790 310 1836; x_wconf 79' lang='lat' dir='ltr'>chro,</span> <span class='ocrx_word' id='word_1_175' title='bbox 336 1793 375 1828; x_wconf 78' lang='lat' dir='ltr'>et</span> <span class='ocrx_word' id='word_1_176' title='bbox 396 1793 563 1828; x_wconf 82' lang='lat' dir='ltr'>extento</span> <span class='ocrx_word' id='word_1_177' title='bbox 576 1791 588 1809; x_wconf 75' lang='lat'>³</span> <span class='ocrx_word' id='word_1_178' title='bbox 608 1791 784 1839; x_wconf 86' lang='lat' dir='ltr'>desuper</span> <span class='ocrx_word' id='word_1_179' title='bbox 798 1791 1015 1840; x_wconf 79' lang='lat' dir='ltr'>papilione,</span> <span class='ocrx_word' id='word_1_180' title='bbox 1036 1792 1172 1829; x_wconf 89' lang='lat' dir='ltr'>omnis</span> <span class='ocrx_word' id='word_1_181' title='bbox 1192 1791 1460 1841; x_wconf 82' lang='lat' dir='ltr'>congregatio,</span> 
     </span>
     <span class='ocr_line' id='line_1_26' title="bbox 202 1853 1464 1903; baseline 0.002 -13"><span class='ocrx_word' id='word_1_182' title='bbox 202 1853 299 1891; x_wconf 78' lang='lat' dir='ltr'>nine</span> <span class='ocrx_word' id='word_1_183' title='bbox 337 1854 522 1895; x_wconf 78' lang='lat' dir='ltr'>fratrum.</span> <span class='ocrx_word' id='word_1_184' title='bbox 561 1854 657 1891; x_wconf 88' lang='lat' dir='ltr'>inde</span> <span class='ocrx_word' id='word_1_185' title='bbox 695 1867 892 1901; x_wconf 73' lang='lat' dir='ltr'>sororum,</span> <span class='ocrx_word' id='word_1_186' title='bbox 936 1854 1117 1903; x_wconf 87' lang='lat' dir='ltr'>psallens</span> <span class='ocrx_word' id='word_1_187' title='bbox 1156 1855 1464 1894; x_wconf 80' lang='lat' dir='ltr'>circumstaret:</span> 
     </span>
     <span class='ocr_line' id='line_1_27' title="bbox 205 1919 1465 1968; baseline 0.002 -12"><span class='ocrx_word' id='word_1_188' title='bbox 205 1920 290 1967; x_wconf 83' lang='lat' dir='ltr'>ipsa</span> <span class='ocrx_word' id='word_1_189' title='bbox 309 1922 447 1956; x_wconf 83' lang='lat' dir='ltr'>autem</span> <span class='ocrx_word' id='word_1_190' title='bbox 467 1919 669 1956; x_wconf 80' lang='lat' dir='ltr'>abbatissa</span> <span class='ocrx_word' id='word_1_191' title='bbox 694 1920 808 1957; x_wconf 87' lang='lat' dir='ltr'>intus</span> <span class='ocrx_word' id='word_1_192' title='bbox 828 1933 921 1957; x_wconf 86' lang='lat' dir='ltr'>cum</span> <span class='ocrx_word' id='word_1_193' title='bbox 945 1920 1083 1968; x_wconf 86' lang='lat' dir='ltr'>paucis</span> <span class='ocrx_word' id='word_1_194' title='bbox 1105 1933 1193 1957; x_wconf 82' lang='lat' dir='ltr'>ossa</span> <span class='ocrx_word' id='word_1_195' title='bbox 1219 1920 1375 1958; x_wconf 82' lang='lat' dir='ltr'>elatura</span> <span class='ocrx_word' id='word_1_196' title='bbox 1390 1921 1402 1938; x_wconf 61' lang='lat'>4</span> <span class='ocrx_word' id='word_1_197' title='bbox 1424 1924 1465 1958; x_wconf 80' lang='lat' dir='ltr'>et</span> 
     </span>
     <span class='ocr_line' id='line_1_28' title="bbox 203 1985 1464 2033; baseline 0.002 -12"><span class='ocrx_word' id='word_1_198' title='bbox 203 1985 385 2022; x_wconf 87' lang='lat' dir='ltr'>dilutura</span> <span class='ocrx_word' id='word_1_199' title='bbox 405 1985 608 2030; x_wconf 76' lang='lat' dir='ltr'>intrasset,</span> <span class='ocrx_word' id='word_1_200' title='bbox 633 1987 801 2033; x_wconf 85' lang='lat' dir='ltr'>repente</span> <span class='ocrx_word' id='word_1_201' title='bbox 825 1985 1060 2023; x_wconf 82' lang='lat' dir='ltr'>audiuimus</span> <span class='ocrx_word' id='word_1_202' title='bbox 1081 1985 1328 2023; x_wconf 85' lang='lat' dir='ltr'>abbatissam</span> <span class='ocrx_word' id='word_1_203' title='bbox 1349 1986 1464 2023; x_wconf 87' lang='lat' dir='ltr'>intus</span> 
     </span>
     <span class='ocr_line' id='line_1_29' title="bbox 204 2050 1464 2099; baseline 0.001 -12"><span class='ocrx_word' id='word_1_204' title='bbox 204 2063 302 2087; x_wconf 89' lang='lat' dir='ltr'>uoce</span> <span class='ocrx_word' id='word_1_205' title='bbox 332 2050 437 2087; x_wconf 86' lang='lat' dir='ltr'>clara</span> <span class='ocrx_word' id='word_1_206' title='bbox 466 2050 746 2098; x_wconf 85' lang='lat' dir='ltr'>proclamare:</span> <span class='ocrx_word' id='word_1_207' title='bbox 783 2059 801 2068; x_wconf 69' lang='lat'>⁶·</span> <span class='ocrx_word' id='word_1_208' title='bbox 820 2051 883 2088; x_wconf 81' lang='lat' dir='ltr'>Sit</span> <span class='ocrx_word' id='word_1_209' title='bbox 911 2050 1041 2099; x_wconf 81' lang='lat' dir='ltr'>gloria</span> <span class='ocrx_word' id='word_1_210' title='bbox 1069 2051 1230 2088; x_wconf 87' lang='lat' dir='ltr'>nomini</span> <span class='ocrx_word' id='word_1_211' title='bbox 1253 2051 1464 2089; x_wconf 70' lang='lat' dir='ltr'>Domini.”</span> 
     </span>
     <span class='ocr_line' id='line_1_30' title="bbox 205 2115 1465 2164; baseline 0.002 -12"><span class='ocrx_word' id='word_1_212' title='bbox 205 2115 287 2152; x_wconf 80' lang='lat' dir='ltr'>Nec</span> <span class='ocrx_word' id='word_1_213' title='bbox 318 2116 450 2152; x_wconf 89' lang='lat' dir='ltr'>multo</span> <span class='ocrx_word' id='word_1_214' title='bbox 480 2118 571 2164; x_wconf 85' lang='lat' dir='ltr'>post</span> <span class='ocrx_word' id='word_1_215' title='bbox 601 2116 882 2153; x_wconf 80' lang='lat' dir='ltr'>clamauerunt</span> <span class='ocrx_word' id='word_1_216' title='bbox 911 2129 978 2153; x_wconf 91' lang='lat' dir='ltr'>me</span> <span class='ocrx_word' id='word_1_217' title='bbox 1007 2116 1132 2163; x_wconf 82' lang='lat' dir='ltr'>intus⁷</span> <span class='ocrx_word' id='word_1_218' title='bbox 1156 2119 1332 2154; x_wconf 83' lang='lat' dir='ltr'>reserato</span> <span class='ocrx_word' id='word_1_219' title='bbox 1362 2117 1465 2154; x_wconf 90' lang='lat' dir='ltr'>ostio</span> 
     </span>
     <span class='ocr_line' id='line_1_31' title="bbox 205 2181 1463 2230; baseline 0.002 -13"><span class='ocrx_word' id='word_1_220' title='bbox 205 2181 451 2230; x_wconf 75' lang='lat' dir='ltr'>papilionis3</span> <span class='ocrx_word' id='word_1_221' title='bbox 482 2181 650 2229; x_wconf 89' lang='lat' dir='ltr'>uidique</span> <span class='ocrx_word' id='word_1_222' title='bbox 680 2181 889 2218; x_wconf 89' lang='lat' dir='ltr'>eleuatum</span> <span class='ocrx_word' id='word_1_223' title='bbox 919 2182 968 2219; x_wconf 90' lang='lat' dir='ltr'>de</span> <span class='ocrx_word' id='word_1_224' title='bbox 998 2181 1172 2220; x_wconf 79' lang='lat' dir='ltr'>tumulo.</span> <span class='ocrx_word' id='word_1_225' title='bbox 1208 2185 1249 2219; x_wconf 84' lang='lat' dir='ltr'>et·</span> <span class='ocrx_word' id='word_1_226' title='bbox 1282 2182 1463 2230; x_wconf 83' lang='lat' dir='ltr'>positum</span> 
     </span>
     <span class='ocr_line' id='line_1_32' title="bbox 205 2246 1463 2296; baseline 0.002 -14"><span class='ocrx_word' id='word_1_227' title='bbox 205 2246 248 2282; x_wconf 85' lang='lat' dir='ltr'>in</span> <span class='ocrx_word' id='word_1_228' title='bbox 268 2246 417 2283; x_wconf 78' lang='lat' dir='ltr'>lectulo</span> <span class='ocrx_word' id='word_1_229' title='bbox 438 2259 582 2295; x_wconf 88' lang='lat' dir='ltr'>corpus</span> <span class='ocrx_word' id='word_1_230' title='bbox 609 2260 742 2284; x_wconf 87' lang='lat' dir='ltr'>sacrae</span> <span class='ocrx_word' id='word_1_231' title='bbox 767 2247 852 2284; x_wconf 92' lang='lat' dir='ltr'>Deo</span> <span class='ocrx_word' id='word_1_232' title='bbox 879 2247 1054 2296; x_wconf 81' lang='lat' dir='ltr'>uirginis</span> <span class='ocrx_word' id='word_1_233' title='bbox 1078 2248 1193 2296; x_wconf 86' lang='lat' dir='ltr'>quasi</span> <span class='ocrx_word' id='word_1_234' title='bbox 1218 2248 1463 2286; x_wconf 89' lang='lat' dir='ltr'>dormientis</span> 
     </span>
     <span class='ocr_line' id='line_1_33' title="bbox 206 2311 1464 2360; baseline 0.002 -12"><span class='ocrx_word' id='word_1_235' title='bbox 206 2311 350 2350; x_wconf 87' lang='lat' dir='ltr'>simile.</span> <span class='ocrx_word' id='word_1_236' title='bbox 408 2312 487 2349; x_wconf 84' lang='lat' dir='ltr'>Sed</span> <span class='ocrx_word' id='word_1_237' title='bbox 519 2314 559 2349; x_wconf 82' lang='lat' dir='ltr'>et</span> <span class='ocrx_word' id='word_1_238' title='bbox 597 2312 852 2360; x_wconf 84' lang='lat' dir='ltr'>discooperto</span> <span class='ocrx_word' id='word_1_239' title='bbox 885 2313 1028 2350; x_wconf 83' lang='lat' dir='ltr'>uultus</span> <span class='ocrx_word' id='word_1_240' title='bbox 1056 2313 1313 2360; x_wconf 83' lang='lat' dir='ltr'>indumento,</span> <span class='ocrx_word' id='word_1_241' title='bbox 1351 2327 1464 2351; x_wconf 92' lang='lat' dir='ltr'>mon·</span> 
     </span>
     <span class='ocr_line' id='line_1_34' title="bbox 206 2377 1458 2427; baseline 0.002 -14"><span class='ocrx_word' id='word_1_242' title='bbox 206 2378 440 2415; x_wconf 76' lang='lat' dir='ltr'>strauerunt</span> <span class='ocrx_word' id='word_1_243' title='bbox 463 2377 564 2414; x_wconf 80' lang='lat' dir='ltr'>mihi</span> <span class='ocrx_word' id='word_1_244' title='bbox 587 2377 709 2414; x_wconf 81' lang='lat' dir='ltr'>etiam</span> <span class='ocrx_word' id='word_1_245' title='bbox 732 2378 887 2415; x_wconf 90' lang='lat' dir='ltr'>uulnus</span> <span class='ocrx_word' id='word_1_246' title='bbox 906 2378 1116 2426; x_wconf 83' lang='lat' dir='ltr'>incisurae,</span> <span class='ocrx_word' id='word_1_247' title='bbox 1143 2379 1251 2427; x_wconf 88' lang='lat' dir='ltr'>quod</span> <span class='ocrx_word' id='word_1_248' title='bbox 1273 2379 1458 2427; x_wconf 83' lang='lat' dir='ltr'>feceram,</span> 
     </span>
     <span class='ocr_line' id='line_1_35' title="bbox 207 2442 1463 2493; baseline 0.004 -16"><span class='ocrx_word' id='word_1_249' title='bbox 207 2443 420 2488; x_wconf 81' lang='lat' dir='ltr'>curatum3</span> <span class='ocrx_word' id='word_1_250' title='bbox 467 2442 524 2479; x_wconf 80' lang='lat' dir='ltr'>ita</span> <span class='ocrx_word' id='word_1_251' title='bbox 562 2445 608 2480; x_wconf 87' lang='lat' dir='ltr'>ut</span> <span class='ocrx_word' id='word_1_252' title='bbox 645 2443 799 2480; x_wconf 90' lang='lat' dir='ltr'>mirum</span> <span class='ocrx_word' id='word_1_253' title='bbox 838 2443 883 2480; x_wconf 91' lang='lat' dir='ltr'>in</span> <span class='ocrx_word' id='word_1_254' title='bbox 922 2444 1094 2481; x_wconf 90' lang='lat' dir='ltr'>modum</span> <span class='ocrx_word' id='word_1_255' title='bbox 1132 2457 1204 2492; x_wconf 90' lang='lat' dir='ltr'>pro</span> <span class='ocrx_word' id='word_1_256' title='bbox 1243 2447 1383 2493; x_wconf 88' lang='lat' dir='ltr'>aperto</span> <span class='ocrx_word' id='word_1_257' title='bbox 1422 2447 1463 2482; x_wconf 82' lang='lat' dir='ltr'>et</span> 
     </span>
     <span class='ocr_line' id='line_1_36' title="bbox 206 2506 1464 2558; baseline 0.003 -16"><span class='ocrx_word' id='word_1_258' title='bbox 206 2506 346 2544; x_wconf 82' lang='lat' dir='ltr'>hiante</span> <span class='ocrx_word' id='word_1_259' title='bbox 366 2507 550 2554; x_wconf 86' lang='lat' dir='ltr'>uulnere,</span> <span class='ocrx_word' id='word_1_260' title='bbox 574 2521 669 2546; x_wconf 89' lang='lat' dir='ltr'>cum</span> <span class='ocrx_word' id='word_1_261' title='bbox 690 2522 770 2558; x_wconf 91' lang='lat' dir='ltr'>quo</span> <span class='ocrx_word' id='word_1_262' title='bbox 796 2509 954 2557; x_wconf 82' lang='lat' dir='ltr'>sepulta</span> <span class='ocrx_word' id='word_1_263' title='bbox 979 2512 1075 2556; x_wconf 81' lang='lat' dir='ltr'>erat,</span> <span class='ocrx_word' id='word_1_264' title='bbox 1099 2509 1341 2547; x_wconf 84' lang='lat' dir='ltr'>tenuissima</span> <span class='ocrx_word' id='word_1_265' title='bbox 1364 2513 1464 2548; x_wconf 83' lang='lat' dir='ltr'>tunc</span> 
     </span>
    </p>
   </div>
   <div class='ocr_carea' id='block_1_3' title="bbox 206 2592 1464 2628">
    <p class='ocr_par' dir='ltr' id='par_1_4' title="bbox 206 2592 1464 2628">
     <span class='ocr_line' id='line_1_37' title="bbox 206 2592 1464 2628; baseline 0.005 -6"><span class='ocrx_word' id='word_1_266' title='bbox 206 2592 216 2609; x_wconf 84' lang='lat'>¹</span> <span class='ocrx_word' id='word_1_267' title='bbox 241 2594 365 2622; x_wconf 81' lang='lat' dir='ltr'>-cester</span> <span class='ocrx_word' id='word_1_268' title='bbox 381 2592 431 2623; x_wconf 48' lang='grc' dir='ltr'>Οἳ.</span> <span class='ocrx_word' id='word_1_269' title='bbox 498 2592 510 2609; x_wconf 80' lang='lat'><strong>²</strong></span> <span class='ocrx_word' id='word_1_270' title='bbox 533 2595 668 2624; x_wconf 88' lang='lat' dir='ltr'>tumolo</span> <span class='ocrx_word' id='word_1_271' title='bbox 685 2595 731 2625; x_wconf 88' lang='lat' dir='ltr'>M.</span> <span class='ocrx_word' id='word_1_272' title='bbox 800 2596 811 2611; x_wconf 69' lang='lat'><strong>³</strong></span> <span class='ocrx_word' id='word_1_273' title='bbox 836 2599 951 2625; x_wconf 81' lang='lat' dir='ltr'>-tenso</span> <span class='ocrx_word' id='word_1_274' title='bbox 969 2595 1018 2627; x_wconf 67' lang='lat' dir='ltr'>C2.</span> <span class='ocrx_word' id='word_1_275' title='bbox 1037 2594 1091 2627; x_wconf 50' lang='grc' dir='ltr'>ΒΖ.</span> <span class='ocrx_word' id='word_1_276' title='bbox 1172 2596 1181 2612; x_wconf 73' lang='lat'>⁴</span> <span class='ocrx_word' id='word_1_277' title='bbox 1207 2597 1390 2627; x_wconf 77' lang='lat' dir='ltr'>eleuatura</span> <span class='ocrx_word' id='word_1_278' title='bbox 1408 2596 1464 2628; x_wconf 50' lang='lat' dir='ltr'>NR</span> 
     </span>
    </p>
   </div>
   <div class='ocr_carea' id='block_1_4' title="bbox 1492 748 1673 861">
    <p class='ocr_par' dir='ltr' id='par_1_5' title="bbox 1492 748 1673 861">
     <span class='ocr_line' id='line_1_38' title="bbox 1493 748 1659 781; baseline -0.006 -6"><span class='ocrx_word' id='word_1_279' title='bbox 1493 748 1560 775; x_wconf 72' lang='grc' dir='ltr'>ΗΕΓ</span> <span class='ocrx_word' id='word_1_280' title='bbox 1575 748 1622 775; x_wconf 75' lang='lat' dir='ltr'>bo(</span> <span class='ocrx_word' id='word_1_281' title='bbox 1629 750 1659 781; x_wconf 63' lang='lat' dir='ltr'>ly</span> 
     </span>
     <span class='ocr_line' id='line_1_39' title="bbox 1492 788 1668 815; baseline 0 -1"><span class='ocrx_word' id='word_1_282' title='bbox 1492 788 1593 815; x_wconf 71' lang='lat' dir='ltr'>found</span> <span class='ocrx_word' id='word_1_283' title='bbox 1610 797 1652 814; x_wconf 89' lang='grc'>1111</span> <span class='ocrx_word' id='word_1_284' title='bbox 1659 804 1668 808; x_wconf 96' lang='grc'>-</span> 
     </span>
     <span class='ocr_line' id='line_1_40' title="bbox 1492 828 1673 861; baseline -0.011 -6"><span class='ocrx_word' id='word_1_285' title='bbox 1492 828 1673 861; x_wconf 75' lang='lat' dir='ltr'>corrupted.</span> 
     </span>
    </p>
   </div>
  </div>
 </body>
</html>
