1803 2887
106 1542 242 1570 wilfrid

106 1590 214 1609 conse-

106 1622 217 1649 crated
234 1621 268 1648 in

106 1661 200 1690 Gaul.

337 149 419 189 194
689 147 739 187 H
740 146 896 188 istoria
926 145 1229 188 Ecclemstzssca
1423 152 1509 194 [Lm.
1527 156 1585 186 ΙΙΙ.

335 263 453 311 dinis,
472 262 757 309 continentiae,
777 261 1061 310 simplicitatis,
1079 262 1118 298 et
1134 260 1313 298 iustitiae
1328 260 1585 309 perfectione.

335 329 458 367 Unde
478 331 518 366 et
538 329 651 377 genti
671 341 765 365 suae
786 329 826 365 et
841 327 934 374 illis,
959 326 1003 364 in
1024 326 1173 375 quibus
1196 326 1395 374 exulabat,
1420 326 1591 365 nationi-

335 395 413 432 bus
448 394 682 431 Scottorum
712 393 799 430 siue
830 392 1053 440 Pictorum,
1087 392 1274 440 exemplo
1289 391 1299 409 ¹
1334 392 1514 440 uiuendi,
1550 394 1589 430 et

334 459 532 498 instantia
551 459 733 505 docendi,
758 461 798 496 et
824 457 1065 496 auctoritate
1093 458 1347 507 corripiendi,
1371 460 1412 495 et
1438 458 1590 507 pietate

333 521 532 571 largiendi
566 521 615 558 de
649 521 724 569 his,
757 534 857 570 quae
883 534 906 558 a
937 520 1137 558 diuitibus
1167 522 1383 569 acceperat,
1408 520 1589 557 multum

333 587 497 636 profuit.
559 586 733 624 Addidit
752 588 891 624 autem
906 586 1024 633 uotis,
1043 598 1145 634 quae
1158 585 1347 632 diximus,
1364 587 1411 623 ut
1431 598 1592 634 semper

333 653 377 690 in
407 653 533 690 XLma
563 665 646 690 non
675 652 769 701 plus
799 665 922 701 quam
955 650 1082 688 semel
1112 650 1157 687 in
1192 651 1257 688 die
1289 650 1483 695 reficeret,
1507 664 1591 688 non

332 717 445 755 aliud
479 730 602 767 quam
631 730 781 767 panem
811 729 854 754 ac
889 717 949 754 lac
978 716 1280 763 tenuissimum,
1314 718 1354 753 et
1387 716 1464 754 hoc
1497 729 1592 753 cum

332 796 525 821 mensura
544 785 725 832 gustaret
745 797 753 829 ;
784 782 890 832 quod
910 782 1101 820 uidelicet
1123 781 1184 819 lac
1203 781 1334 830 pridie
1359 794 1518 818 nouum
1546 780 1590 818 in

331 849 425 887 fiala
455 862 606 897 ponere
638 848 804 895 solebat,
835 850 875 885 et
904 850 995 897 post
1024 849 1188 885 noctem
1217 846 1350 884 ablata
1378 845 1592 895 superficie

333 915 537 962 crassiore,
561 915 648 963 ipse
667 914 876 951 residuum
897 926 989 951 cum
1010 913 1180 959 modico,
1204 914 1251 950 ut
1272 911 1464 959 diximus,
1487 924 1592 960 pane

333 979 507 1018 bibebat.
569 979 694 1018 Cuius
713 979 885 1017 modum
907 978 1181 1016 continentiae
1209 978 1333 1015 etiam
1353 977 1429 1015 XL
1449 977 1592 1015 diebus

333 1047 429 1082 ante
477 1044 613 1083 natale
660 1044 841 1092 Domini,
883 1044 1057 1082 totidem
1106 1057 1267 1093 quoque
1303 1045 1397 1093 post
1432 1044 1593 1092 peracta

334 1111 549 1149 sollemnia
568 1113 833 1161 pentecostes,
862 1111 939 1148 hoc
968 1112 1029 1148 est
1053 1111 1166 1158 Lunae,
1192 1122 1353 1159 semper
1378 1109 1593 1147 obseruare

332 1176 506 1215 curabat.

783 1299 904 1338 OAP.
937 1299 1143 1338 XXVIII.

338 1401 374 1428 Ut
388 1399 526 1435 defuncto
538 1400 634 1430 Tmla.
652 1400 765 1436 Uilfrz'cl
777 1396 788 1414 ²
803 1401 837 1428 in
852 1401 961 1437 Gallia,
980 1401 1095 1435 Ceaclda
1112 1401 1197 1435 apud
1211 1400 1409 1429 Occislewztcdes
1419 1396 1430 1414 ³
1445 1400 1590 1436 Saxones,

478 1453 512 1480 in
523 1453 721 1487 provinciam
737 1452 1064 1487 Norclanhymbrorum
1081 1453 1144 1480 sint
1158 1453 1294 1480 ordinati
1309 1452 1448 1487 episcopi.

387 1529 573 1566 INTEREA
587 1542 658 1566 rex
674 1528 864 1566 Alchfrid
878 1530 889 1548 ⁴
905 1528 1019 1567 misit
1036 1528 1264 1567 Uilfridum
1277 1528 1289 1547 ²
1305 1529 1591 1578 presbyterum

332 1596 384 1632 acl
411 1608 550 1644 regem
582 1596 809 1642 Galliarum,
839 1594 909 1643 qui
942 1607 1036 1632 eum
1070 1595 1148 1632 sibi
1177 1594 1340 1643 suisque
1370 1594 1594 1632 consecrari

333 1660 479 1698 faceret
500 1660 744 1709 episcopum.
805 1662 864 1698 At
891 1660 962 1697 ille
988 1661 1101 1698 misit
1125 1674 1221 1698 eum
1248 1660 1522 1698 ordinandum
1541 1660 1592 1698 ad

332 1727 621 1774 Ayilberectum
635 1726 658 1773 ⁵,
683 1726 732 1764 de
758 1739 838 1775 quo
865 1739 986 1774 supra
1010 1726 1200 1774 diximus,
1226 1726 1305 1775 qui,
1330 1726 1470 1764 relicta
1489 1726 1594 1764 Brit·

333 1792 454 1841 tania,
479 1792 704 1831 Parisiacae
725 1792 902 1830 ciuitatis
922 1791 1052 1830 factus
1076 1794 1161 1830 erat
1191 1794 1411 1841 cpiscopus;
1442 1794 1483 1830 et
1503 1805 1592 1830 con-

334 1860 514 1896 secratus
534 1860 595 1896 est
614 1871 763 1907 magno
784 1871 878 1895 cum
903 1858 1042 1895 honore
1061 1857 1110 1895 ab
1130 1858 1229 1906 ipso,
1253 1858 1593 1896 conuenientibus

334 1923 525 1973 plurimis
551 1923 749 1973 episcopis
777 1923 821 1960 in
851 1922 938 1960 uico
968 1923 1087 1972 regio,
1113 1923 1184 1971 qui
1212 1925 1380 1961 uocatur
1409 1923 1462 1961 In
1492 1924 1594 1962 Con-

333 1989 494 2038 pendio.
547 1988 634 2037 Quo
654 1989 786 2026 adhuc
806 1989 848 2026 in
869 1988 1155 2026 transmarinis
1170 1989 1182 2008 ⁶
1200 1989 1384 2038 partibus
1404 1989 1593 2038 propter⁷

333 2055 632 2093 ordinationem
659 2055 906 2101 demorante,
937 2054 1122 2092 imitatus
1151 2054 1398 2092 industriam
1426 2055 1502 2092 filii
1529 2067 1595 2093 rem

336 2121 458 2159 Osm'u
473 2120 485 2139 ⁸
503 2120 618 2158 misit
639 2119 826 2158 Cantiam
846 2120 982 2157 uirum
1002 2121 1199 2167 sanctum,
1217 2120 1452 2158 modestum
1472 2121 1591 2159 mori-

332 2185 420 2233 bus,
459 2185 749 2235 scripturarum
782 2185 957 2223 lectione
988 2184 1234 2222 sufficienter
1263 2185 1526 2234 instructum,
1552 2189 1593 2225 et

333 2264 388 2299 ea,
406 2264 508 2300 quae
527 2251 572 2289 in
592 2250 804 2300 scripturis
819 2251 975 2300 agenda
991 2250 1198 2298 didicerat,
1217 2250 1407 2299 operibus
1423 2251 1593 2289 solerter

332 2318 633 2366 exsequentem,
676 2315 747 2365 qui
793 2316 1058 2354 Eburacensis
1103 2315 1292 2353 ecclesiae
1338 2316 1594 2354 ordinaretur

332 2382 554 2432 episcopus
626 2382 725 2419 Erat
761 2383 898 2419 autem
939 2381 1150 2431 presbyter
1185 2381 1383 2419 uocabulo
1424 2382 1586 2430 Ceadda,

374 2468 385 2485 ¹
408 2470 442 2500 et
460 2478 512 2500 ex.
529 2470 571 2500 B.
588 2470 630 2500 N.
734 2468 745 2485 ²
767 2469 859 2499 uuil-
877 2469 914 2499 O.
1017 2467 1028 2485 ³
1053 2468 1240 2499 orientales
1257 2469 1305 2500 M.
1322 2469 1384 2507 Hl.
1480 2468 1490 2486 ⁴
1516 2469 1591 2500 alh-

330 2521 402 2551 frid
419 2521 456 2553 C.
597 2522 609 2538 ⁵
633 2522 812 2552 -berctum
829 2521 869 2552 B.
883 2521 913 2551 N
931 2531 938 2559 ;
955 2520 1136 2551 —berhtum
1154 2521 1191 2552 C.
1324 2519 1335 2538 ⁶
1357 2522 1515 2553 -mirim's
1531 2521 1590 2553 M1.

329 2572 341 2589 ⁷
366 2583 430 2614 pro
448 2573 509 2612 0²3
533 2575 609 2613 post
627 2572 679 2605 132.
806 2574 817 2592 ⁸
841 2574 938 2604 osuio
956 2572 1002 2604 M.

1616 1542 1751 1571 Eddius.

1616 1591 1661 1610 cc.
1681 1591 1719 1618 11,
1739 1592 1775 1609 12.

1616 2066 1658 2095 ib.
1676 2075 1700 2094 c.
1721 2075 1760 2100 14.
