1803 2887
305 155 390 195 384
719 154 928 197 Historia
961 155 1191 198 Abbatum

302 258 438 306 iugum
448 261 602 306 portare
626 259 852 307 desiderant,
884 260 984 308 quod
1010 263 1043 299 te
1067 261 1206 298 nostris
1231 261 1458 308 temporibus
1483 262 1564 298 tam
1588 267 1628 314 οξ.
1638 267 1757 295 Matth.

302 323 518 370 ylorificuzn
549 325 740 362 electionis
775 336 849 363 uas
880 326 1057 373 reyimini
1089 326 1205 363 totius
1233 326 1431 363 aecclesiae
1460 335 1565 372 prae-
1587 315 1749 344 ³²⁸²9’30'

299 388 415 435 ficere
444 387 627 436 diglnata¹
658 392 722 436 est,
755 390 940 437 quatinus
961 402 1035 438 per
1062 392 1139 436 hoe,
1175 403 1247 438 quo
1275 391 1353 438 ipse
1385 389 1563 438 impleris,

306 453 435 491 lumen
463 455 639 492 ueritatis
670 457 705 492 et
730 455 835 503 fidei,
872 456 987 493 etiam
1023 457 1189 494 minores
1221 467 1384 503 quosque
1414 455 1569 502 affatim

305 519 437 557 iubare
456 531 548 557 suae
558 520 718 566 pietatis
736 524 953 567 aspergyerct.
1003 521 1320 560 Commendamus
1339 523 1467 559 autem
1482 523 1570 558 tuae

306 587 459 622 sanctae
479 585 714 632 benigynitati,
740 586 980 624 dilectissime
999 587 1042 624 in
1064 587 1211 625 Christo
1222 589 1336 634 pater
1353 589 1387 624 et
1406 585 1566 632 domine,

306 650 542 688 uenerabiles
562 651 688 696 patris
712 652 833 688 nostri
857 652 1093 690 dilectissimi
1112 664 1236 700 canos,
1262 651 1442 699 Ccolfridi
1464 650 1571 688 uide-

309 716 394 752 licet
422 716 579 763 abbatis‚
604 727 648 753 ae
676 717 880 754 nutritoris
908 719 1115 765 tutorisque
1143 720 1296 755 nostrae
1320 716 1505 764 spiritalis
1529 715 1573 753 in

309 782 521 818 monastiea
549 782 668 828 quiete
698 783 882 820 libertatis
907 786 941 820 et
962 784 1086 830 pacis.
1144 783 1201 820 Et
1217 783 1393 829 primum
1422 781 1573 829 quidem

308 847 456 895 gratias
478 848 630 894 aqimus
654 851 808 886 sanetae
835 851 869 886 et
891 849 1124 886 indiuiduae
1144 849 1338 895 Trinitati,
1363 848 1463 895 quod
1480 848 1569 894 ipse,

315 911 410 962 {etsi
441 925 518 950 non
554 913 638 950 sine
667 914 832 951 maximo
865 917 991 952 nostro
1023 915 1155 962 dolore,
1192 915 1347 962 quintu,
1384 914 1498 960 luctu,
1531 923 1576 950 ae
1600 915 1621 944 f.
1641 914 1716 951 191³·

303 976 590 1026 prosecutione²
620 979 868 1016 lacrimarum
898 992 922 1016 a
949 981 1059 1017 nobis
1088 980 1209 1025 abiit‚·
1248 980 1300 1017 ad
1327 990 1419 1016 suae
1449 981 1578 1016 tamen

313 1044 382 1081 diu
408 1043 640 1082 desideratae
665 1045 802 1092 quietis
831 1046 977 1093 aaudia
1005 1049 1139 1083 saneta
1158 1045 1362 1093 pennoni&
1397 1044 1491 1081 dum
1519 1055 1573 1091 ea,

313 1120 409 1156 quae
428 1109 605 1147 iuuenem
631 1121 669 1147 se
696 1111 831 1156 adisse,
856 1111 1016 1158 uidisse,
1037 1114 1147 1158 atque
1166 1111 1343 1148 adorasse
1362 1121 1508 1157 semper
1528 1120 1579 1147 re·

314 1175 475 1212 eordans
503 1176 706 1223 exultabat,
740 1177 856 1213 etiam
883 1177 987 1214 senio
1015 1177 1185 1224 defessus
1215 1177 1408 1214 beatorum
1438 1178 1580 1222 aposto·

317 1241 440 1278 lorum
472 1241 629 1278 deuotus
661 1242 798 1279 limina
835 1242 994 1289 repetiit.
1052 1243 1108 1279 Et
1131 1244 1220 1289 post
1251 1242 1379 1289 lonyos
1412 1241 1581 1288 amplius

316 1307 575 1354 quadraainta
603 1319 795 1345 annorum
824 1308 966 1345 labores
993 1319 1174 1355 curasque
1203 1308 1413 1354 continuas,
1443 1306 1582 1354 quibus

317 1373 558 1410 monasteriis
585 1373 759 1420 reyendis
787 1374 937 1411 abbatis
967 1374 1050 1411 iure
1070 1373 1258 1421 praefuit,
1295 1371 1583 1420 incomparabili

317 1438 502 1475 uirtutis3
551 1450 688 1485 amore,
722 1439 835 1486 Quasi
862 1450 983 1486 nuper
1020 1439 1072 1476 ad
1113 1438 1436 1476 conuersationem
1480 1438 1585 1476 uitae

318 1504 489 1542 caelestis
521 1504 672 1551 accitus,
714 1506 854 1542 ultima
891 1505 1084 1553 confectus
1122 1508 1254 1552 aetate,
1292 1507 1327 1542 et
1350 1516 1471 1553 prope
1501 1504 1584 1542 iam

319 1570 538 1617 moriturus,
581 1582 716 1608 rursus
753 1571 887 1618 incipit
920 1571 1162 1618 pereyrinari
1190 1583 1263 1618 pro
1311 1570 1470 1618 Christo,
1512 1581 1586 1618 quo

322 1636 475 1673 liberius
495 1636 628 1682 prisca
654 1636 958 1673 sollicitudinum
990 1637 1220 1674 secularium
1249 1637 1406 1683 spineta,
1438 1636 1586 1673 camino

320 1701 490 1748 spiritali
509 1701 670 1747 fhruens
700 1702 995 1749 compunctionis
1028 1702 1131 1749 iynis
1164 1703 1351 1740 absumat.
1405 1700 1585 1739 Deinde4

323 1768 438 1804 etiam
465 1769 614 1804 uestrae
633 1767 865 1814 paternitati
890 1768 1155 1814 simplicamus,
1179 1770 1223 1805 ut
1248 1768 1347 1815 quod
1370 1779 1441 1805 nos
1457 1767 1586 1814 facere

321 1845 400 1870 non
436 1832 659 1879 meruimus,
698 1844 769 1870 uos
805 1844 893 1880 crya
932 1833 1039 1870 illum
1075 1834 1236 1871 ultimae
1263 1834 1425 1880 pietatis
1461 1833 1587 1870 seduli

322 1910 468 1935 munus
496 1898 698 1944 expicati&
729 1910 803 1945 pro
832 1901 926 1936 certo
955 1899 1111 1936 scientes
1138 1900 1229 1946 quia
1258 1899 1328 1936 etsi
1354 1911 1424 1937 uos
1452 1909 1588 1946 corpus

324 1964 470 2001 habetis
506 1964 641 2011 ipsius,
682 1966 717 2001 et
754 1975 823 2001 nos
855 1966 984 2001 tamen
1017 1967 1053 2002 et
1083 1976 1153 2002 uos
1182 1965 1264 2002 Deo
1298 1965 1477 2002 deuotum
1505 1965 1588 2002 eius

324 2030 513 2076 spiritum,
537 2030 618 2067 siue
639 2030 680 2066 in
709 2041 856 2076 corpore
884 2032 1110 2077 manentem,
1141 2029 1227 2067 seu5
1253 2031 1398 2069 carneis
1421 2030 1590 2068 uinculis

326 2096 553 2142 absolutum,
578 2107 761 2142 maynum
774 2107 848 2142 pro
867 2095 1009 2132 nostris
1034 2096 1239 2134 excessibus
1263 2096 1367 2144 apud
1385 2107 1592 2143 supernam

318 2161 500 2208 pietatem
523 2161 802 2199 intercessorem
831 2161 1013 2199 habemus
1036 2163 1071 2199 et
1087 2163 1309 2208 patronum.
1370 2161 1425 2198 Et
1444 2162 1587 2207 cetera,

330 2238 433 2275 quae
445 2225 457 2245 ⁶
477 2225 672 2274 epistolae
692 2226 907 2274 sequentia
926 2225 1152 2264 continent.

97 2301 194 2336 Acca,
389 2303 450 2329 20.
483 2291 663 2329 Reuerso
707 2293 845 2329 autem
883 2292 1055 2329 domum
1097 2290 1389 2341 Hwetberegto
1404 2291 1428 2338 ⁷,
1474 2290 1594 2329 aduo-

98 2339 272 2415 ξῗξζξζῗ
332 2358 447 2394 catur
465 2356 678 2406 episcopus
692 2357 801 2395 Acca
817 2370 826 2404 ;
856 2359 897 2395 et
912 2356 1033 2394 solita
1048 2356 1169 2394 illum
1182 2356 1226 2394 in
1240 2356 1400 2394 abbatis
1413 2356 1593 2394 officium

376 2473 385 2490 ¹
410 2475 483 2504 -tus
500 2474 542 2505 D.
562 2474 601 2505 P.
618 2473 655 2504 C.
672 2473 714 2505 Β.
732 2474 769 2505 F.
858 2474 870 2492 ²
891 2485 967 2513 per·
986 2475 1022 2506 C.
1098 2473 1109 2490 ³
1132 2476 1199 2505 -tes
1215 2474 1275 2512 HI.
1348 2473 1359 2490 ¹
1381 2474 1536 2514 denique
1553 2474 1593 2506 B.

331 2525 343 2543 ⁵
359 2526 435 2557 siue
453 2525 491 2556 C.
579 2527 591 2544 ⁶
608 2535 698 2566 quae
713 2537 772 2558 om.
785 2526 826 2558 D.
841 2527 878 2558 P.
894 2527 935 2558 Β.
948 2527 987 2558 F.
1089 2525 1100 2543 ⁷
1116 2527 1315 2558 hwetberto
1331 2527 1372 2558 D.
1385 2527 1424 2559 P.
1439 2527 1476 2559 G.
1490 2528 1531 2559 Β.
1544 2527 1572 2558 F
1588 2537 1596 2565 ;

332 2577 523 2609 withberto
540 2579 568 2610 δ.
