1803 2887
231 179 308 210 ΟΜ».
324 175 417 216 X11.]
637 167 788 209 Gentis
819 168 858 208 A
871 167 1090 221 stylorum.
1405 170 1490 209 229

37 292 68 320 cf
114 331 119 336 ¹
232 284 319 331 Quo
339 283 463 321 etiam
482 296 591 321 anno
619 284 706 320 orta
731 282 839 319 inter
865 282 1000 330 ipsum
1022 296 1157 332 regem
1181 283 1421 332 Ecgfridum
1449 287 1489 321 et
1515 294 1698 340 qupnisjqn

35 331 169 404 (lzzdgius,
228 348 608 386 reuerentissimum
629 347 857 385 antistitem
879 347 1107 385 Uilfridum
1122 347 1386 395 dissensione,
1405 349 1489 397 pul·
1513 334 1706 407 ngvgssffd'

227 427 296 451 sus
330 415 390 451 est
425 413 535 451 idem
565 413 738 450 antistes
767 426 790 450 a
818 413 913 450 sede
942 413 1005 450 sui
1035 412 1302 462 episcopatus,
1337 415 1377 451 et>
1407 414 1487 451 duo

226 479 268 515 in
306 479 443 516 locum
481 478 568 516 eius
607 478 822 516 substituti
862 478 1050 526 episcopi,
1089 479 1160 527 qui
1200 479 1485 528 Nordanhym-

226 544 393 581 brorum
432 543 547 593 genti
584 546 847 592 praeessent;
894 543 1023 580 Bosa¹
1070 543 1271 590 uidelicet,
1311 544 1381 593 qui
1413 545 1486 582 De-

226 623 374 656 rorum,
410 611 450 647 et
485 610 596 656 Eata,
632 609 702 658 qui
737 609 1026 646 Berniciorum
1056 609 1312 658 prouinciam
1344 610 1485 658 guber·
1511 622 1710 650 Divisionof

224 677 341 712 naret
361 690 369 722 3
399 675 465 712 hic
485 675 529 712 in
551 675 717 712 ciuitate
738 675 915 712 Eburaci
928 674 951 723 ²,
977 675 1047 711 ille
1067 675 1111 712 in
1132 675 1459 723 Hagustaldensi
1474 677 1485 693 ‘²
1510 662 1702 729 Elffibijgrssh-

224 740 311 778 siue
358 740 399 777 in
449 740 780 777 Lindisfarnensi
829 740 997 777 ecclesia
1045 741 1283 778 cathedram
1328 741 1484 780 habens
1510 741 1643 769 diocese.

223 805 505 854 episcopalem,
541 805 661 842 ambo
694 805 743 842 de
782 806 1081 844 monachorum
1116 806 1284 855 collegio
1324 806 1368 843 in
1407 806 1486 855 epi-

222 873 411 920 scopatus
430 871 601 920 gradum
622 870 777 909 adsciti.
839 872 942 910 Cum
961 871 1112 920 quibus
1135 874 1175 910 et
1196 873 1389 910 Eadhaed
1408 874 1418 890 ⁴
1440 873 1483 910 in

222 935 478 984 prouinciam
509 936 849 975 Lindisfarorum.
875 950 998 985 quam
1028 937 1265 986 nuperrime
1292 951 1361 974 rex
1383 938 1481 987 Ecg-

222 1001 301 1038 frid
317 1001 340 1049 ⁵,
374 1003 563 1050 superato
602 1002 645 1039 in
679 1001 788 1039 bello
820 1004 860 1039 et
898 1002 1039 1051 fugato
1070 1003 1284 1050 Uulfhere,
1319 1003 1481 1040 obtinu—

222 1069 317 1112 erat,
352 1067 566 1105 ordinatur
600 1068 823 1116 episcopus.
896 1069 950 1106 Et
984 1069 1094 1106 hunc
1129 1069 1312 1118 primum
1341 1070 1482 1106 eadem

220 1132 429 1181 prouincia
461 1132 673 1182 proprium
707 1133 860 1182 accepit
894 1134 1138 1182 praesulem,
1178 1134 1225 1171 Π
1256 1134 1478 1181 Ediluini⁶‚

221 1198 293 1236 III
314 1198 558 1247 Eadgarum,
585 1199 680 1236 IIII
703 1199 1000 1248 Cyniberctum
1016 1200 1040 1247 ⁷,
1067 1214 1190 1248 quem
1212 1200 1256 1237 in
1276 1200 1482 1249 praesenti

219 1264 350 1302 habet.
413 1264 603 1302 Habebat
642 1264 755 1302 enim
790 1271 885 1302 ante
924 1265 1190 1302 Eadhaedum
1207 1266 1219 1284 ⁸
1252 1266 1481 1304 antistitem

220 1329 465 1367 sexuulfum
482 1330 506 1377 ⁹,
532 1329 603 1378 qui
623 1330 746 1367 etiam
767 1331 1013 1368 Merciorum
1031 1333 1071 1368 et
1088 1331 1482 1369 Mediterraneorum

219 1392 453 1441 Anglorum
478 1392 603 1430 simul
630 1392 844 1442 episcopus
868 1394 975 1440 fuit;
1007 1395 1115 1431 unde
1142 1396 1182 1432 et
1209 1395 1405 1443 expulsus
1433 1395 1482 1432 de

219 1457 412 1504 Lindissi,
438 1458 482 1495 in
503 1457 668 1495 illarum
689 1458 996 1506 prouinciarum
1018 1459 1220 1508 regimine
1239 1460 1476 1508 permansit.

220 1522 407 1560 Ordinati
426 1524 525 1560 sunt>
540 1526 678 1561 autem
693 1524 886 1562 Eadhaed
901 1524 938 1572 ¹⁰,
957 1525 1075 1572 Bosa,
1097 1528 1138 1562 et
1154 1526 1258 1563 Eata
1272 1526 1444 1563 Eboraci
1457 1525 1480 1543 ¹¹

218 1588 268 1626 ab
313 1588 616 1637 archiepiscopo
664 1590 902 1637 Theodoro;
957 1591 1028 1640 qui
1080 1591 1205 1628 etiam
1254 1594 1346 1640 post
1398 1594 1482 1629 tres

218 1654 486 1691 abscessionis
538 1654 709 1692 Uilsridi
758 1668 899 1703 annos,
952 1656 1100 1693 horum
1158 1670 1330 1694 numero
1378 1657 1480 1695 duos

217 1719 373 1757 addidit
399 1719 604 1757 antistites
622 1718 653 1767 ¹2,
679 1721 959 1758 Tunberctum
981 1723 1003 1740 ¹³
1025 1722 1073 1759 ad
1097 1722 1308 1759 ecclesiam
1340 1723 1476 1771 Hagu-

217 1785 469 1822 staldensem
483 1785 520 1832 11,
555 1788 794 1823 remanente
825 1787 927 1824 Eata
956 1787 1005 1824 ad
1037 1787 1420 1825 Lindisfarnensem
1437 1786 1473 1835 11,

216 1850 531 1888 (3ὺἸ11Ὴ11111111116
545 1851 594 1888 ad
615 1851 873 1900 prouinciam
895 1853 1117 1900 Pictorum,
1140 1866 1241 1902 quae
1261 1855 1360 1890 tunc
1380 1856 1479 1891 tem-

215 1915 325 1964 poris
344 1916 578 1965 Anglorum
604 1918 689 1955 erat
716 1917 888 1966 imperio
913 1918 1104 1956 subiecta.
1166 1919 1434 1956 Eadhaedum
1452 1918 1477 1938 ¹⁷

216 1981 266 2019 de
290 1981 471 2019 Lindissi
498 1995 721 2030 reuersum,
748 1996 794 2020 eo
825 1984 933 2032 quod
961 1983 1157 2021 Aedilred
1175 1983 1199 2003 ¹⁸
1221 1984 1477 2033 prouinciam

214 2044 443 2093 recepisset,
468 2044 682 2095 Hrypensi
698 2044 724 2064 ¹⁹
744 2046 935 2084 ecclesiae
956 2046 1163 2095 praefecit.

256 2159 265 2176 ¹
290 2160 388 2190 bossa
406 2160 448 2192 N.
567 2159 579 2177 ²
602 2162 738 2191 eboraci
756 2162 797 2192 Β.
900 2162 911 2179 3
934 2164 1075 2201 august·
1091 2163 1134 2193 N.
1237 2161 1248 2178 1
1274 2163 1422 2193 eadhaet
1439 2163 1476 2195 C.

214 2211 225 2229 ⁵
249 2211 361 2251 egfrid
378 2213 422 2244 N.
565 2211 576 2228 ⁶
598 2224 658 2244 -ne
676 2213 719 2243 Bss
737 2224 744 2251 ;
769 2214 968 2244 aediluuini
985 2216 1022 2245 C.
1183 2213 1194 2231 ⁷
1218 2215 1419 2245 -berchtum
1439 2217 1475 2247 C.

214 2263 225 2279 ’1
247 2263 441 2295 cadaedum
460 2265 485 2296 C
502 2275 509 2302 3
533 2265 733 2296 eadhedum
750 2266 793 2297 N.
883 2267 893 2283 ⁹
917 2267 1095 2308 sexulfum
1114 2267 1151 2298 C.
1260 2267 1282 2283 ¹⁰
1316 2268 1401 2298 -hed
1419 2269 1448 2298 N
1467 2279 1474 2307 3

215 2316 337 2346 —haeth
353 2317 394 2348 B.
506 2315 528 2333 11
553 2318 694 2347 eburaci
711 2318 748 2349 C.
853 2317 877 2334 ¹2
900 2319 1052 2349 antistes
1070 2319 1125 2350 N'.
1243 2320 1266 2337 ¹³
1291 2321 1402 2350 trum·
1419 2322 1449 2351 N
1468 2331 1475 2359 ;

216 2368 416 2398 -berchtum
434 2368 471 2400 C.
572 2368 594 2385 ¹⁴
618 2371 757 2409 august-
774 2370 817 2401 N.
922 2370 945 2388 ¹⁵
969 2373 1175 2402 remanente
1196 2397 1202 2403 .
1219 2397 1225 2403 .
1245 2397 1251 2403 .
1269 2372 1470 2404 lindisfarn.

217 2423 314 2449 added
326 2430 363 2450 (m
374 2423 459 2450 lower
470 2424 594 2459 maryin
605 2422 651 2453 M.
749 2420 774 2438 ²⁶
794 2432 855 2452 -ne
872 2422 927 2454 B2.
995 2421 1018 2440 11
1042 2424 1190 2467 —hedum
1208 2425 1251 2456 N.
1340 2423 1363 2441 ¹⁵³
1386 2425 1472 2455 edil·

218 2471 247 2501 N
266 2481 273 2507 ;
296 2472 420 2503 aaebil-
439 2473 476 2505 C.
575 2473 598 2491 ¹⁹
624 2474 719 2513 hrip-
735 2474 766 2504 N
782 2485 788 2513 ;
814 2475 920 2514 rhyp-
937 2475 978 2507 B.
