1803 2887
334 161 419 199 340
690 159 899 201 Historia
928 158 1233 201 Ecclesiastica
1445 165 1531 207 [Lm.
1549 169 1588 200 V.

334 275 517 321 debemus,
544 275 653 312 tertia
679 275 845 313 eiusdem
870 276 1011 313 mensis
1035 276 1250 323 septimana
1266 275 1395 323 facere
1405 276 1591 323 praecipi-

332 353 421 377 mur
436 354 447 386 ‚·
478 341 569 388 quia
590 343 677 378 ante
698 341 810 388 leqem
829 343 863 378 et
883 342 952 378 sub
973 341 1050 388 lcqe
1061 341 1288 388 promissus,
1307 342 1414 378 tertio
1429 344 1588 388 tempore

332 406 473 443 saeculi
502 418 588 443 cum
605 407 735 453 qratia
753 407 861 443 uenit
880 407 970 454 ipse,
995 407 1061 453 qui
1076 406 1082 424 ¹
1098 406 1244 453 pascha
1263 409 1436 443 nostrum
1455 407 1587 443 immo-
1614 425 1624 443 1
1637 416 1705 445 Cor.
1717 426 1744 445 v.
1757 427 1779 452 7.
1800 446 1803 450 ,

333 471 477 508 leuetur
515 470 716 517 Gliristus;
765 473 856 519 quia
895 472 1008 509 tertia
1035 474 1125 518 post
1162 472 1457 509 immolationem
1496 483 1588 509 suae
1796 457 1803 478 ⁴

321 538 517 583 passionis
537 538 596 575 dic
616 549 813 585 resurqens
833 550 856 575 a
877 538 1047 583 mortuis,
1072 538 1170 574 lianc
1190 537 1420 574 dominicam
1441 537 1581 583 uocari,

331 605 366 639 et
401 603 441 639 in
472 615 516 640 ca
544 615 613 640 nos
643 605 850 641 annuatim
872 603 1078 650 paschalia
1109 602 1274 640 eiusdem
1306 602 1587 640 resurrectionis

328 668 452 706 uoluit
463 669 568 715 festa
587 669 795 713 celebrare,·
826 669 915 716 quia
934 680 1003 706 nos
1022 679 1166 715 quoque
1187 668 1242 705 ita
1261 669 1384 705 solum
1403 670 1587 706 ueraciter

327 733 409 771 eius
427 735 625 772 sollemnia
646 735 885 781 celebramus,
910 735 945 772 si
962 734 1179 781 perfidem,
1203 745 1307 781 spem
1331 737 1365 771 et
1388 734 1586 771 caritatem

317 800 472 845 pasclia,
498 800 540 836 id
566 803 619 837 est
648 801 864 846 transitum,
898 800 942 837 de
967 800 1034 836 lioc
1061 799 1204 836 mundo
1231 799 1282 836 ad
1304 799 1468 846 Patrem,
1499 810 1584 836 cum
1609 805 1733 851 051011.

323 865 389 902 illo
402 865 532 912 facere
551 877 741 903 curamus.
791 866 884 903 Post
903 865 1186 912 aequinoctium
1212 865 1315 902 ueris
1324 865 1584 912 plenilunium
1607 852 1676 873 '¹¹¹¹'
1696 856 1716 873 ¹'

325 931 466 968 mensis
476 931 742 979 praecipimur
753 932 951 969 obseruare
957 931 1153 978 paschalis
1168 944 1179 976 ;
1210 933 1253 967 ut
1268 930 1443 968 uidelicet
1453 931 1583 978 primo

323 997 379 1034 sol
398 997 605 1044 lonqiorem
630 1000 733 1034 nocte
746 997 873 1043 faciat
901 997 1009 1042 diem,
1040 996 1176 1033 deinde
1206 997 1298 1033 luna
1309 997 1468 1042 plenum
1491 1008 1583 1034 suae

324 1062 420 1100 lucis
455 1063 577 1100 orbem
616 1063 761 1100 mundo
783 1065 1024 1109 pracsentct;
1054 1063 1146 1109 quia
1173 1063 1303 1109 primo
1336 1062 1490 1108 quidem
1526 1063 1582 1100 sol

321 1128 503 1174 iustitiae,
531 1130 568 1165 in
587 1130 695 1165 cuius
707 1128 846 1175 pennis
861 1131 916 1165 est
936 1128 1093 1174 sanitas,
1111 1128 1153 1164 id
1173 1131 1227 1166 est
1241 1128 1434 1165 Dominus
1452 1128 1575 1175 Iesus,
1605 1137 1734 1166 Ma1.iv.
1749 1150 1778 1178 .».,

314 1205 388 1240 per
405 1194 689 1231 resurrectionis
707 1204 799 1230 suae
820 1193 1058 1240 triumphum
1078 1196 1234 1231 cunctas
1258 1194 1392 1231 mortis
1410 1194 1581 1232 tenebras

321 1260 519 1306 superauit
534 1273 545 1305 ,·
576 1271 619 1296 ac
632 1259 686 1296 sic
701 1259 904 1296 ascendens
916 1259 957 1295 in
973 1259 1100 1303 caelos,
1118 1259 1232 1297 misso
1249 1259 1406 1306 desuper
1417 1259 1574 1306 Spiritu,

321 1325 515 1361 ecclesiam
548 1337 670 1370 suam,
708 1335 805 1371 quae
841 1335 950 1370 saepe
982 1324 1095 1361 lunae
1126 1325 1308 1361 uocabulo
1343 1325 1573 1372 desiqnatur,

319 1390 494 1427 internae
521 1391 669 1437 qratiae
704 1390 782 1427 luce
819 1390 985 1436 repleuit.
1049 1389 1167 1437 Quem
1198 1390 1374 1427 uidelicet
1406 1391 1578 1428 ordinem

319 1458 470 1493 nostrae
490 1456 628 1493 saluti's
652 1455 834 1502 propheta
862 1456 1134 1502 contemplatus
1163 1455 1313 1493 aiebat:
1347 1455 1577 1493 “Eleuatus
1600 1462 1769 1493 Habacjii.
1792 1449 1793 1470 ³

320 1524 373 1558 cst
392 1522 447 1558 sol
460 1521 481 1565 ²,
508 1524 542 1558 et
562 1521 656 1558 lima
674 1521 777 1558 stetit
795 1521 838 1557 in
858 1521 989 1558 ordine
1008 1520 1116 1558 suo.”
1603 1512 1640 1531 ¹¹·

378 1587 478 1634 ‘Qui
507 1598 591 1633 erqo
610 1586 892 1633 plenitudinem
916 1586 1029 1624 lunae
1043 1586 1240 1633 paschalis
1264 1588 1351 1623 ante
1380 1586 1575 1633 aequinoc-

316 1652 413 1689 tium
442 1653 645 1699 prouenire
675 1663 785 1699 posse
821 1652 1061 1698 contenderit,
1105 1652 1194 1689 talis
1233 1652 1274 1688 in
1310 1652 1575 1699 mysteriorum

314 1718 555 1755 celebratione
575 1718 831 1755 maximorum
851 1729 875 1754 a
890 1720 1110 1755 sanctarum
1128 1718 1279 1764 quidem
1298 1718 1575 1764 seripturarum

317 1783 489 1821 doctrina
521 1784 738 1828 discordat;
769 1782 967 1820 concordat
1001 1785 1129 1820 autem
1162 1783 1225 1829 eis,
1263 1782 1328 1829 qui
1361 1783 1443 1820 sine
1464 1794 1574 1829 prae-

318 1851 487 1887 ueniente
515 1851 644 1896 qratia
675 1848 819 1887 Christi
848 1860 885 1885 se
913 1849 1062 1886 saluari
1085 1859 1196 1895 posse
1228 1848 1452 1894 confidunt;
1482 1848 1572 1895 qui3

314 1915 384 1951 etsi
420 1927 513 1952 uera
548 1915 613 1952 lux
647 1915 820 1951 tenebras
857 1914 995 1950 mundi
1033 1913 1224 1950 moriendo
1264 1925 1308 1950 ac
1345 1913 1571 1960 resurqendo

313 1992 525 2027 numquam
561 1981 723 2022 uicisset,
757 1980 968 2027 perfectam
1001 1991 1039 2017 se
1075 1980 1207 2016 habere
1235 1990 1348 2026 posse
1380 1979 1572 2017 iustitiam

315 2045 572 2093 doqnuitizare
578 2048 845 2092 praesumunt.
905 2045 935 2081 Ι
934 2047 1044 2091 taque
1050 2047 1140 2091 post
1154 2045 1465 2091 aequinoctialem
1482 2045 1572 2083 solis

312 2112 516 2157 cromam,
533 2114 623 2158 post
643 2111 903 2157 plenilunium
920 2111 1042 2156 primi
1070 2110 1210 2147 mensis
1238 2110 1340 2147 lzunc
1368 2121 1412 2146 ca:
1439 2110 1572 2148 ordine

311 2177 550 2223 subsequens,
588 2176 629 2212 id
659 2178 711 2213 est
736 2179 825 2222 post
856 2176 1062 2222 conpletam
1097 2176 1197 2212 diem
1229 2176 1396 2213 eiusdem
1428 2176 1570 2214 mensis

308 2241 515 2287 XIIII¹¹‘''',
559 2252 653 2288 quae
691 2244 827 2277 cuncta
866 2252 909 2277 ex
947 2241 1023 2287 leqe
1064 2240 1302 2277 obseruanda
1346 2241 1563 2287 accepimus,

310 2309 551 2353 erpectamus
584 2306 709 2343 adhuc
742 2309 918 2343 monente
952 2306 1145 2352 cuanqelio
1179 2306 1219 2342 in
1250 2307 1329 2352 ipsa
1357 2306 1568 2343 ebdomada

308 2373 418 2410 tertia
434 2375 578 2418 tenipus
594 2372 671 2408 diei
686 2372 909 2418 dominicae,
936 2368 940 2419 Ι
968 2374 1002 2408 et
1015 2373 1068 2409 sic
1090 2371 1241 2409 dennim
1254 2372 1388 2408 uotiua
1399 2372 1566 2418 paschae
1589 2378 1611 2408 f.
1631 2389 1675 2407 122
1690 2388 1718 2409 a.

306 2438 428 2475 nostri
439 2437 545 2484 festa
564 2436 802 2483 celebramus,
823 2438 866 2472 ut
883 2436 1090 2473 indicemus
1108 2447 1176 2472 nos
1194 2447 1272 2472 non
1291 2447 1377 2472 cum
1397 2435 1566 2482 antiquis

1798 350 1800 355 <
1794 197 1803 328 —-·-A.1.—
1795 133 1803 172 ·-..
1800 92 1803 94 .
1800 44 1803 50 ⁴

351 2534 359 2551 ¹
384 2534 536 2573 insequi,
555 2535 608 2570 for
632 2533 705 2572 ipse
730 2532 791 2571 qui
814 2532 850 2563 C.
877 2532 928 2571 Ol.
954 2531 1009 2563 D¹.
1146 2531 1157 2548 2
1180 2532 1232 2562 sol
1260 2532 1298 2562 in
1324 2534 1403 2563 ortu
1431 2541 1493 2562 suo
1518 2532 1561 2564 N.

341 2586 423 2626 quia
441 2586 485 2616 M.
578 2583 589 2601 ⁴
613 2587 728 2615 ortum
746 2582 790 2614 Β1
811 2585 869 2624 Β).
