1803 2887
270 173 351 212 112
628 170 837 213 Historia
867 170 1174 212 Ecclesiastica
1375 178 1460 220 [Lm.
1479 183 1521 213 11.

268 287 572 325 examinatione
619 286 880 336 perspexeris,
932 286 1084 336 absque
1131 285 1217 324 ullo
1267 288 1524 325 cunctamine

268 352 473 401 suscipere
494 352 566 390 illa
585 352 857 390 festinemus.’

323 417 449 456 Cuius
480 417 660 455 suasioni
691 417 910 466 uerbisque
929 416 1204 466 prudentibus
1230 416 1336 454 alius
1356 418 1524 466 optima-

268 485 359 520 tum
408 483 515 532 regis
565 482 752 520 tribuens
798 495 1021 529 assensum,
1070 481 1266 519 continuo
1314 483 1523 521 subdidit:

271 548 430 593 ‘Talis’
464 548 666 597 inquiens,
708 547 835 585 ‘mihi
864 548 1039 595 uidetur,
1074 560 1155 595 rex,
1189 547 1276 585 uita
1304 547 1524 587 hominum

268 626 460 662 praesens
480 613 525 650 in
551 613 683 661 terris,
709 613 759 650 ad
784 612 1117 662 conparationem
1147 612 1244 660 eius,
1271 614 1379 662 quod
1406 613 1525 652 nobis

268 679 475 716 incertum
508 680 581 725 est,
620 678 830 727 temporis,
874 677 992 726 quale
1030 690 1124 714 cum
1157 679 1198 715 te
1235 678 1438 716 residente
1474 679 1525 717 ad

270 756 436 781 caenam
458 756 551 780 cum
572 743 743 781 ducibus
758 756 802 781 ac
816 743 1021 780 ministris
1036 742 1118 780 tuis
1134 745 1318 791 tempore
1333 743 1522 791 brumali,

268 822 435 847 accenso
462 809 631 858 quidem
650 809 740 846 foco
760 808 804 845 in
824 808 970 855 medio,
996 810 1036 846 et
1067 808 1196 846 calido
1222 808 1364 846 effecto
1391 821 1526 846 caena-

269 874 369 922 culo,
410 874 644 912 furentibus
682 876 821 912 autem
858 873 958 910 foris
995 887 1068 922 per
1112 873 1251 911 omnia
1293 873 1528 912 turbinibus

270 940 511 978 hiemalium
558 939 796 989 pluuiarum
834 939 902 977 uel
940 939 1115 987 niuium,
1159 939 1382 977 adueniens
1419 952 1528 977 unus

269 1018 479 1054 passerum
500 1005 671 1042 domum
697 1004 894 1042 citissime
921 1004 1195 1053 peruolauerit
1214 1019 1222 1052 ;
1253 1004 1323 1053 qui
1343 1017 1437 1042 cum
1456 1017 1529 1053 per

269 1084 399 1108 unum
421 1071 575 1108 ostium
596 1070 841 1119 ingrediens,
866 1083 963 1107 mox
981 1083 1054 1119 per
1081 1070 1192 1107 aliud
1217 1069 1368 1108 exierit.
1430 1070 1528 1119 Ipso

269 1136 435 1185 quidem
455 1137 649 1184 tempore,
675 1148 754 1184 quo
775 1135 890 1172 intus
915 1136 986 1182 est,
1012 1135 1161 1172 hiemis
1181 1136 1424 1183 tempestate
1443 1148 1528 1173 non

269 1201 464 1251 tangitur,
499 1201 569 1238 sed
600 1203 742 1239 tamen
775 1200 1021 1249 paruissimo
1053 1200 1184 1249 spatio
1216 1200 1445 1238 serenitatis
1477 1200 1527 1238 ad

269 1269 530 1305 momentum
570 1279 747 1312 excurSO,
783 1278 879 1303 mox
911 1265 960 1302 de
998 1265 1133 1303 hieme
1171 1265 1215 1303 in
1254 1265 1435 1304 hiemem
1473 1279 1529 1303 re-

270 1332 470 1381 grediens,
495 1331 579 1369 tuis
601 1331 730 1369 oculis
750 1331 937 1368 elabitur.
999 1330 1066 1368 Ita
1086 1330 1185 1368 haec
1204 1331 1291 1368 uita
1309 1331 1529 1368 hominum

269 1399 319 1436 ad
348 1397 558 1435 modicum
591 1398 781 1445 apparet;
811 1395 909 1445 quid
944 1394 1109 1433 autem1
1137 1398 1341 1445 sequatur,
1377 1396 1528 1445 quidue

270 1462 541 1512 praecesserit,
575 1475 741 1511 prorsus
774 1462 1023 1511 ignoramus.
1085 1461 1207 1499 Unde
1235 1461 1271 1498 si
1298 1461 1396 1498 haec
1422 1474 1530 1499 noua

270 1528 456 1566 doctrina
485 1528 633 1565 certius
661 1527 816 1576 aliquid
845 1527 997 1575 attulit,
1030 1526 1178 1564 merito
1208 1540 1294 1564 esse
1325 1527 1530 1576 sequenda

271 1594 461 1631 uidetur.’
518 1593 598 1631 His
619 1593 772 1631 similia
801 1594 842 1630 et
871 1592 993 1630 ceteri
1022 1592 1197 1630 maiores
1222 1594 1323 1630 natu
1349 1605 1395 1630 ac
1421 1592 1530 1641 regis

271 1659 493 1697 consiliarii
513 1658 715 1696 diuinitus
734 1658 935 1696 admoniti
956 1658 1320 1707 prosequebantur.

323 1724 488 1762 Adiecit
527 1726 665 1762 autem
703 1723 815 1772 Coifi,
851 1723 945 1773 quia
978 1723 1105 1767 uellet
1133 1722 1271 1772 ipsum
1304 1723 1529 1760 Paulinum

270 1790 511 1840 diligentius
539 1790 679 1828 audire
709 1790 758 1828 de
782 1790 878 1837 Deo,
910 1802 1034 1838 quem
1059 1789 1325 1838 praedicabat,
1356 1789 1530 1826 uerbum

270 1856 499 1894 facientem.
554 1856 669 1903 Quod
690 1869 785 1893 cum
804 1855 971 1893 iubente
990 1867 1083 1904 rege
1103 1854 1263 1900 faceret,
1289 1854 1532 1892 exclamauit

271 1921 421 1959 auditis
451 1923 537 1959 eius
566 1922 824 1959 sermonibus
853 1921 1018 1959 dicens:
1052 1920 1165 1958 ‘Iam
1195 1920 1296 1958 olim
1324 1920 1532 1958 intellexe-

272 2000 359 2025 ram
391 1987 393 2029 l
426 1987 533 2024 nihil
572 2000 670 2034 esse,
714 1987 823 2036 quod
861 1986 1121 2032 colebamus;
1164 1985 1258 2034 quia
1294 1985 1487 2023 uidelicet
1502 1984 1526 2034 ²,

272 2054 426 2101 quanto
453 2052 699 2090 studiosius²
729 2051 774 2089 in
803 2065 849 2089 eo
881 2051 994 2088 cultu
1028 2050 1243 2088 ueritatem
1273 2050 1525 2100 quaerebam,

272 2120 388 2156 tanto
426 2118 566 2155 minus
603 2117 875 2155 inueniebam.
935 2116 1055 2153 Nunc
1088 2118 1227 2153 autem
1265 2117 1403 2164 aperte
1422 2128 1530 2164 ¹pro-

273 2184 400 2231 fiteor,
438 2183 532 2232 quia
565 2183 610 2220 in
649 2183 724 2221 hac
762 2181 1059 2231 praedicatione
1090 2181 1243 2219 ueritas
1282 2181 1406 2219 claret
1442 2180 1525 2228 illa,

273 2262 376 2298 quae
397 2249 516 2286 nobis
536 2249 657 2291 uitae,
679 2248 832 2295 salutis,
858 2249 899 2285 et
917 2246 1187 2285 beatitudinis
1214 2248 1400 2284 aeternae
1426 2246 1531 2284 dona

273 2315 408 2352 ualet⁴
448 2314 636 2352 tribuere.
707 2314 829 2352 Unde
868 2326 1049 2362 suggero,
1092 2325 1172 2360 rex,
1215 2314 1261 2350 ut
1295 2312 1452 2362 templa
1490 2313 1530 2349 et

273 2380 425 2427 altaria,
465 2392 568 2428 quae
607 2379 696 2417 sine
729 2379 866 2417 fructu
899 2377 1093 2416 utilitatis
1126 2377 1385 2424 sacrauimus‚
1420 2376 1530 2414 ocius

273 2445 527 2483 anathemati
553 2447 594 2482 et
621 2444 707 2494 igni
732 2443 1046 2482 contradamus.'
1105 2443 1211 2491 Quid
1232 2443 1383 2492 plura?
1416 2455 1529 2491 prae-

316 2555 327 2572 l
351 2557 481 2593 tamen,
502 2557 610 2585 altered
626 2558 651 2584 to
668 2556 787 2585 autem
804 2554 849 2585 M.
971 2552 982 2570 ²
1005 2552 1166 2583 uidilicet
1183 2551 1242 2585 M¹.
1347 2551 1360 2572 3
1384 2553 1468 2583 ·sior
1483 2552 1529 2584 M.

275 2607 332 2645 HI.
437 2606 448 2623 4
471 2607 587 2637 ualeat
605 2606 640 2637 G.

1554 1993 1668 2030 fi39a.
