1803 2887
77 678 173 711 Story
188 676 222 703 of

77 717 128 743 his
143 714 252 747 death,

90 2311 157 2339 and
177 2308 292 2337 buriaL

301 160 385 200 226
658 159 866 201 Historia
896 159 1202 202 Ecclesiastica
1401 166 1486 208 [Lm.
1504 167 1560 198 IV.

301 271 372 321 qui
385 270 643 309 Erconualdo
656 272 665 290 ¹
683 274 930 310 successerat
947 287 956 320 ;
983 274 1023 310 et
1039 286 1110 322 per
1126 273 1212 310 eius
1231 271 1561 309 benedictionem

301 337 491 374 habitum
512 337 731 386 religionis,
758 351 881 386 quem
902 338 971 376 diu
992 338 1253 384 desiderabat,
1278 337 1440 385 accepit.
1491 337 1563 374 At-

302 402 402 440 tulit
431 403 569 440 autem
599 402 732 440 eidem
759 404 798 440 et
825 416 1033 441 summam
1062 403 1257 452 pecuniae
1283 415 1368 440 non
1394 414 1563 450 paruam

302 467 549 517 pauperibus
575 468 833 516 erogandam,
858 468 918 506 nil
945 468 1194 506 omnimodis
1220 467 1297 505 sibi
1325 479 1563 514 reseruans;

304 533 374 570 sed
413 546 565 581 pauper
602 533 750 582 spiritu
789 534 919 584 magis
952 536 1119 583 propter
1150 546 1324 582 regnum
1359 532 1564 570 caelorum

305 611 470 636 manere
491 599 733 637 desiderans.

362 663 439 712 Qui
461 677 555 701 cum
570 664 877 713 ingrauescente
896 665 1075 714 praefata
1097 664 1339 714 egritudine,
1359 663 1470 701 diem
1486 661 1566 700 sibi

306 731 451 767 mortis
481 729 687 767 inminere
713 730 919 777 sensisset,
947 730 1093 768 timere
1123 729 1254 778 coepit
1283 729 1408 766 homo
1436 726 1566 766 animi

307 795 463 844 regalis,
497 808 549 832 ne
577 795 627 832 ad
662 798 840 833 mortem
869 796 1042 833 ueniens
1074 797 1189 833 tanto
1217 795 1401 833 adfectus
1431 793 1567 831 dolore

307 859 461 909 aliquid
488 859 708 909 indignum
732 873 827 898 suae
856 874 1053 909 personae
1082 860 1149 898 uel
1173 873 1240 897 ore
1262 859 1471 909 proferret,
1499 858 1567 896 uel

309 926 485 964 aliorum
514 928 631 963 motu
667 928 823 974 gereret
853 927 1147 964 membrorum.
1210 925 1332 963 Unde
1361 924 1488 962 accito
1516 923 1567 961 ad

309 1003 351 1028 se
370 991 552 1040 praefato
569 992 581 1012 ²
608 992 720 1029 urbis
747 992 996 1039 Lundoniae,
1022 991 1065 1028 in
1093 1004 1171 1040 qua
1199 993 1299 1028 tunc
1322 990 1410 1039 ipse
1433 1002 1568 1027 mane-

309 1057 387 1103 bat,
423 1057 621 1105 episcopo,
655 1058 824 1106 rogauit,
859 1071 911 1094 ne
939 1057 1078 1106 plures
1108 1058 1180 1094 eo3
1209 1057 1412 1094 moriente
1442 1068 1567 1105 quam

310 1122 396 1171 ipse
430 1122 642 1170 episcopus
676 1124 715 1160 et
748 1123 828 1160 duo
866 1122 930 1160 sui
968 1122 1151 1160 ministri
1188 1123 1387 1160 adessent.
1449 1120 1566 1169 Quod

311 1188 412 1225 dum
427 1188 438 1206 ⁴
460 1187 673 1237 episcopus
696 1188 970 1225 libentissime
995 1201 1036 1225 se
1063 1188 1267 1225 facturum
1290 1187 1563 1236 promitteret,

312 1266 397 1291 non
428 1253 562 1290 multo
593 1255 685 1301 post
717 1253 829 1291 idem
862 1253 926 1290 uir
957 1253 1044 1300 Dei,
1081 1254 1180 1291 dum
1211 1253 1395 1291 membra
1433 1250 1570 1301 sopori

314 1319 503 1365 dedisset,
538 1318 643 1356 uidit
676 1318 879 1356 uisionem
911 1318 1232 1365 consolatoriam,
1268 1332 1370 1367 quae
1402 1330 1571 1355 omnem

314 1384 351 1422 ei
389 1384 639 1421 anxietatem
678 1386 927 1422 memoratae
961 1384 1253 1422 sollicitudinis
1290 1383 1476 1430 auferret,
1514 1382 1572 1420 in-

313 1462 436 1499 super
483 1451 532 1497 et,
575 1463 654 1499 qua
701 1449 766 1487 die
803 1452 908 1487 esset
945 1450 1051 1487 hanc
1089 1450 1219 1488 uitam
1256 1450 1567 1496 terminaturus,

314 1515 557 1553 ostenderet.
617 1515 737 1553 Uidit
757 1515 878 1554 enim.
898 1518 945 1553 ut
965 1518 1056 1564 post
1076 1516 1163 1564 ipse
1183 1515 1393 1562 referebat,
1418 1517 1502 1552 tres
1521 1514 1571 1552 ad

315 1593 357 1619 se
386 1581 550 1618 uenisse
579 1580 689 1618 uiros
718 1581 826 1619 claro
854 1581 1022 1619 indutos
1052 1582 1222 1629 habitu;
1257 1594 1433 1630 quorum
1463 1592 1572 1618 unus

314 1646 498 1684 residens
517 1648 612 1685 ante
637 1646 837 1684 lectulum
865 1647 962 1694 eius,
1007 1647 1211 1685 stantibus
1231 1647 1306 1693 his,
1333 1647 1404 1696 qui
1432 1658 1573 1684 secum

315 1712 567 1750 aduenerant
582 1712 604 1759 ⁵,
623 1712 852 1759 comitibus,
866 1714 906 1750 et
920 1712 1270 1762 interrogantibus
1283 1713 1333 1750 de
1345 1714 1455 1750 statu
1470 1711 1568 1759 eius,

316 1791 439 1826 quem
455 1777 722 1826 languentem
737 1777 904 1815 uisitare
917 1780 1117 1816 uenerant
1130 1779 1153 1826 ⁶,
1174 1778 1287 1826 dixit,
1314 1778 1422 1827 quod
1435 1777 1575 1815 anima

316 1842 414 1889 eius,
439 1845 478 1880 et
500 1843 588 1880 sine
609 1843 693 1880 ullo
715 1843 863 1891 dolore,
889 1845 929 1881 et
950 1856 1044 1880 cum
1064 1857 1214 1892 magno
1234 1843 1337 1881 lucis
1357 1843 1575 1892 splendore

317 1910 423 1946 esset
462 1922 672 1958 egressura
716 1909 765 1947 de
804 1922 994 1958 corpore;
1024 1909 1094 1947 sed
1133 1910 1174 1946 et
1212 1909 1383 1947 tertium
1427 1909 1574 1946 exinde

317 1973 438 2021 diem,
483 1988 562 2023 quo
611 1977 715 2012 esset
763 1975 999 2022 moriturus,
1050 1974 1290 2012 insinuauit.
1352 1974 1470 2022 Quod
1517 1974 1575 2012 ita

318 2041 552 2088 utrumque,
578 2041 623 2077 ut
645 2053 693 2077 ex
718 2040 876 2077 uisione
897 2039 1048 2087 didicit,
1074 2039 1313 2088 conpletum
1334 2041 1405 2078 est.
1466 2039 1575 2077 Nam

319 2104 384 2142 die
417 2104 565 2142 dehinc
599 2104 733 2152 tertio,
772 2104 959 2154 conpleta
991 2105 1091 2143 hora
1128 2118 1248 2153 nona,
1291 2104 1427 2142 subito
1459 2103 1575 2154 quasi

318 2169 465 2207 leuiter
512 2169 785 2218 obdormiens,
827 2170 918 2208 sine
955 2170 1041 2208 ullo
1080 2183 1202 2208 sensu
1242 2170 1395 2208 doloris
1437 2169 1575 2208 emisit

319 2236 522 2285 spiritum.

375 2303 501 2341 Cuius
521 2303 677 2351 corpori
698 2301 943 2340 tumulando
964 2303 1301 2350 praeparauerant
1321 2300 1576 2350 sarcofagum

319 2366 552 2416 lapideum;
587 2368 657 2405 sed
687 2380 781 2405 cum
811 2367 907 2404 huic
935 2379 1082 2416 corpus
1110 2366 1305 2416 inponere
1335 2366 1573 2415 coepissent,

365 2475 374 2493 ¹
397 2486 521 2507 ercun-
537 2477 562 2507 C
580 2487 587 2514 3
611 2477 755 2506 erchon-
772 2476 815 2507 N.
973 2474 985 2492 ²
1008 2478 1078 2506 -tae
1095 2475 1130 2515 C,
1150 2478 1290 2513 omit-ling]
1305 2475 1498 2505 lundoniae
1517 2499 1524 2506 .
1543 2498 1551 2506 .
1570 2498 1578 2506 .

321 2529 510 2567 manebat;
533 2538 564 2558 so
581 2527 647 2568 01¹.
665 2528 716 2565 Og.
734 2528 777 2558 D.
794 2528 851 2558 ἀρ.
933 2527 945 2545 ³
969 2537 1050 2558 eum
1068 2527 1121 2558 13¹.
1195 2526 1205 2543 ⁴
1230 2537 1310 2557 eum
1329 2525 1366 2558 C.
1442 2526 1453 2544 ⁵
1474 2536 1577 2557 uene—

323 2582 404 2611 rant
421 2580 456 2611 C.
547 2578 558 2596 5
581 2580 770 2610 comitibus
789 2604 796 2611 .
815 2604 822 2611 .
839 2605 846 2612 .
864 2582 1049 2618 uenerant,
1065 2582 1164 2610 added
1180 2589 1217 2609 on
1233 2581 1318 2610 lower
1334 2580 1458 2616 marqin
1475 2578 1521 2609 Μ.
