1803 2887
83 1977 242 2005 Min-«oles.

306 157 394 196 300
677 157 884 198 Historia
912 156 1218 199 Ecclesiastiea
1419 165 1504 206 [Lm.
1523 166 1562 197 V.

308 274 359 319 et,
399 285 699 321 quemcumque
728 285 816 310 sors
845 272 1080 319 ostenderit,
1115 271 1226 309 hunc
1255 273 1439 321 tempore
1467 272 1564 310 belli

309 338 454 375 ducem
485 351 630 374 omnes
661 339 900 386 sequuntur,
938 337 1033 374 huic
1063 337 1373 385 obtemperant3
1402 339 1564 386 peracto

308 404 447 440 autem
480 403 599 449 bello,
638 416 801 440 rursum
832 403 1011 451 aequalis
1044 402 1250 451 potentiae
1284 415 1428 440 omnes
1457 403 1564 440 fiunt

308 470 503 516 satrapae.
566 467 754 516 Suscepit
779 480 872 516 ergo
899 480 967 504 eos
996 467 1154 515 uilicus,
1186 469 1226 504 et
1249 468 1497 516 promittens
1524 480 1565 505 se

309 533 474 570 mittere
494 545 562 570 eos
577 533 626 570 ad
648 534 863 581 satrapam,
890 533 959 581 qui
978 546 1100 581 super
1114 545 1156 570 se
1172 534 1267 580 erat,
1292 534 1338 570 ut
1355 532 1559 581 petebant,

309 598 465 646 aliquot
484 598 629 635 diebus
649 610 788 635 secum
808 598 989 636 retinuit.

365 664 443 711 Qui
482 676 576 700 cum
616 663 770 713 cogniti
812 665 949 701 essent
987 677 1009 701 a
1048 663 1238 710 barbaris,
1281 664 1388 712 quod
1428 665 1564 701 essent

308 729 478 766 alterius
525 728 746 778 religionis,
790 728 902 775 (nam
951 730 991 766 et
1033 728 1202 777 psalmis
1245 742 1405 778 semper
1444 730 1564 778 atque

308 794 563 832 orationibus
597 794 806 841 uacabant,
845 795 885 831 et
919 794 1065 832 cotidie
1095 793 1337 831 sacrificium
1369 794 1455 831 Deo
1489 795 1565 832 uic-

307 860 434 897 timae
472 859 661 897 salutaris
704 859 938 906 offerebant,
981 859 1181 897 habentes
1222 872 1361 897 secum
1401 859 1564 897 uascula

309 938 421 963 sacra
441 927 482 962 et
502 925 685 962 tabulam
708 925 848 962 altaris
874 925 962 962 uice
987 925 1244 973 dedicatam),
1269 924 1447 973 suspecti
1467 927 1564 962 sunt

308 991 448 1038 habiti,
474 991 579 1040 quia,
598 991 629 1028 si
650 990 914 1040 peruenirent
929 991 977 1028 ad
1000 992 1216 1039 satrapam,
1241 992 1281 1028 et
1301 990 1566 1039 loquerentur

308 1069 401 1093 cum
432 1055 514 1103 1110,
553 1056 787 1093 auerterent
819 1055 939 1092 illum
971 1067 993 1092 a
1024 1055 1103 1092 diis
1130 1055 1224 1103 suis,
1259 1057 1299 1093 et
1329 1055 1377 1092 ad
1412 1068 1564 1092 nouam

309 1121 564 1159 Christianae
594 1121 689 1159 fidei
721 1120 960 1170 religionem
989 1121 1268 1168 transferrent,
1304 1121 1441 1169 sicque
1474 1133 1567 1169 pau-

308 1186 426 1224 latim
454 1187 589 1224 01111113
613 1200 754 1224 eorum
780 1185 991 1235 prouincia
1017 1188 1199 1223 ueterem
1223 1188 1433 1235 cogeretur
1460 1199 1567 1224 noua

309 1254 468 1290 mutare
507 1253 722 1290 culturam.
784 1251 930 1300 Itaque
968 1253 1192 1300 rapuerunt
1230 1265 1298 1289 eos
1336 1252 1482 1299 subito,
1527 1253 1567 1290 et

308 1318 633 1365 interemerunt3
678 1317 837 1356 Album
886 1318 1053 1367 quidem
1094 1316 1386 1356 Heuualdum¹
1435 1317 1566 1355 ueloci

309 1384 506 1421 occisione
535 1384 671 1432 gladii,
707 1384 917 1434 Nigellum
948 1389 1084 1422 autem
1118 1385 1240 1433 longo
1270 1382 1565 1432 suppliciorum

309 1449 502 1497 cruciatu,
539 1451 579 1487 et
613 1450 813 1488 horrenda
839 1449 842 1500 Ι
868 1451 1149 1488 membrorum
1179 1449 1366 1487 omnium
1396 1448 1567 1497 discerp-

308 1514 420 1552 tione
438 1529 446 1562 3
477 1528 579 1563 quos
598 1514 841 1553 interemtos
860 1516 905 1553 in
932 1515 1100 1553 Rheno²
1122 1515 1389 1564 proiecerunt.
1451 1513 1566 1561 Quod

309 1593 404 1617 cum
448 1582 607 1629 satrapa
649 1581 728 1628 ille,
773 1594 895 1630 quem
941 1582 1080 1619 uidere
1123 1580 1328 1626 uolebant,
1371 1578 1562 1626 audisset,

309 1645 436 1683 iratus
464 1648 526 1683 est
556 1646 685 1695 ualde,
715 1648 822 1696 quod
847 1648 896 1685 ad
921 1660 963 1684 se
990 1647 1130 1684 uenire
1153 1646 1339 1683 uolentes
1365 1644 1567 1694 peregrini

310 1724 392 1748 non
427 1712 789 1760 permitterentur3
829 1714 869 1750 et
898 1712 1068 1750 mittens
1097 1712 1243 1749 occidit
1274 1711 1442 1749 uicanos
1474 1710 1568 1748 illos

310 1790 465 1824 omnes,
508 1778 728 1826 uicumque
775 1778 964 1816 incendio
1013 1778 1248 1815 consumsit.
1311 1776 1427 1814 Passi
1471 1777 1568 1813 sunt

308 1844 446 1879 autern
471 1844 642 1892 praefati
666 1845 892 1881 sacerdotes
921 1845 960 1881 et
989 1843 1135 1881 famuli
1164 1842 1316 1881 Christi
1344 1842 1412 1880 VO.
1438 1842 1568 1879 Nona-

308 1921 402 1945 rum
424 1909 662 1947 Octobrium
683 1909 760 1947 die.

365 1975 448 2011 Nec
492 1975 689 2024 martyrio
735 1988 877 2012 eorum
922 1974 1109 2012 caelestia
1152 1974 1316 2011 defuere
1360 1972 1567 2010 miracula.

311 2040 418 2077 Nam
450 2053 543 2077 cum
573 2042 757 2089 peremta
786 2054 927 2078 eorum
957 2053 1122 2089 corpora
1150 2040 1273 2088 anmi,
1298 2041 1344 2077 ut
1374 2039 1564 2085 diximus,

309 2116 332 2140 a
372 2102 541 2152 paganis
585 2105 720 2141 essent
761 2103 920 2150 iniecta,
964 2103 1145 2151 contigit,
1195 2104 1241 2140 ut
1288 2102 1387 2139 haec
1429 2103 1569 2139 contra

311 2169 514 2217 impetum
530 2168 648 2206 fluuii
665 2169 926 2217 decurrentiS,
952 2182 1023 2218 per
1039 2169 1113 2206 XL
1130 2168 1213 2205 fere
1229 2167 1343 2205 milia
1357 2180 1565 2216 passuum,

311 2235 360 2271 ad
400 2247 446 2271 ea
480 2247 609 2283 usque
648 2235 745 2283 loca,
784 2235 854 2272 ubi
886 2235 1053 2272 illorum
1087 2235 1202 2271 erant
1237 2233 1344 2281 socii,
1380 2233 1570 2271 transfer-

312 2301 455 2337 rentur
469 2298 493 2338 ³.
556 2300 635 2338 Sed
666 2302 706 2338 et
735 2300 874 2338 radius
907 2300 1010 2337 lucis
1040 2298 1329 2349 permaximus
1368 2300 1490 2347 atque
1519 2300 1568 2337 ad

311 2365 469 2402 caelum
495 2379 625 2414 usque
651 2365 770 2414 altus,
795 2366 910 2403 omni
933 2367 1052 2403 nocte
1079 2378 1202 2413 supra
1226 2364 1361 2401 locum
1387 2364 1570 2413 fulgebat

311 2431 443 2478 illum,
482 2431 728 2480 ubicumque
758 2433 829 2469 ea4
862 2431 1097 2481 peruenisse
1127 2429 1391 2479 contingeret,
1425 2431 1466 2467 et
1494 2430 1569 2467 hoc

355 2530 363 2547 ¹
387 2532 430 2561 sic
446 2531 505 2568 C¹;
531 2531 722 2561 heauuald-
741 2531 789 2562 Οἳ.
889 2529 900 2547 ²
923 2531 1035 2561 hreno
1053 2530 1090 2560 B.
1113 2529 1148 2560 C.
1167 2529 1209 2561 N.
1298 2528 1309 2546 ³
1333 2527 1509 2558 -ferentur
1525 2528 1570 2559 M.

310 2585 346 2616 C.
367 2586 425 2624 HI.
443 2586 511 2616 W1.
616 2585 626 2602 ¹
652 2597 710 2617 eos
727 2586 771 2617 M.

1592 1456 1612 1483 f.
1632 1457 1682 1484 106
1697 1457 1724 1484 b.

1592 1720 1631 1747 cf.
1641 1719 1746 1746 Matth

1592 1759 1623 1787 ii.
1644 1760 1683 1786 16.
