1803 2887
315 140 398 180 266
670 138 876 180 Historia
906 138 1212 180 Ecclesiastica
1411 145 1494 186 [Lm.
1513 148 1568 178 IV.

314 267 432 292 meus
452 254 742 303 conpresbyter
764 253 936 303 Aedgils
952 254 962 273 ¹
984 253 1193 301 referebat,
1218 253 1289 302 qui
1310 254 1411 291 tunc
1434 253 1478 290 in
1498 253 1570 291 illo

314 320 564 357 monasterio
612 319 793 368 degebat.
874 319 1023 357 Postea
1069 320 1218 365 autem,
1266 318 1572 356 discedentibus

314 385 410 423 inde
444 385 495 422 ob
526 384 822 422 desolationem
855 384 1046 433 plurimis
1078 383 1317 431 incolarum,
1355 384 1399 421 in
1432 385 1572 421 nostro

315 450 563 487 monasterio
592 449 770 498 plurimo
804 450 988 498 tempore
1028 450 1301 495 conuersatus,
1339 448 1574 498 ibidemque

315 515 536 553 defunctus
556 516 626 552 est.
689 514 801 552 Haec
825 515 916 552 ideo
945 516 1107 552 nostrae
1136 513 1330 552 historiae
1355 514 1575 551 inserenda

316 579 575 627 credidimus,
596 581 642 617 ut
659 580 975 618 admoneremus
990 579 1185 616 lectorem
1201 592 1371 627 operum
1388 577 1570 626 Domini,

316 657 440 693 quam
480 644 675 682 terribilis
713 644 758 682 in
792 644 977 682 consiliis
1025 657 1146 692 super
1184 643 1292 681 filios
1329 643 1573 691 hominum;
1599 649 1648 678 ΡΞ.
1665 649 1729 678 lxv.
1740 657 1784 686 5„

316 723 368 747 ne
383 710 488 748 forte
504 724 579 748 nos
595 713 779 760 tempore
795 711 931 761 aliquo
948 711 1079 749 carnis
1095 710 1311 748 inlecebris
1333 710 1570 758 seruientes,

316 775 537 825 minusque
566 777 643 814 Dei
681 777 881 815 iudicium
918 776 1197 823 formidantes,
1231 775 1446 824 repentina
1488 775 1576 814 eius

315 840 375 878 ira
395 841 596 890 corripiat,
621 844 662 879 et
682 843 749 880 uel
765 842 1062 891 temporalibus
1082 841 1244 879 damnis
1263 841 1370 878 iuste
1391 840 1577 879 saeuiens

316 906 479 956 affligat,
504 908 572 945 uel
602 908 652 946 ad
681 911 921 958 perpetuam
948 908 1226 957 perditionem
1254 906 1480 945 districtius
1509 920 1577 944 ex-

316 973 509 1011 aminans
532 973 662 1012 tollat.

687 1142 808 1181 CAP.
843 1142 991 1180 XXIV
1012 1140 1207 1194 [XXVI]

611 1260 653 1288 De
670 1262 761 1289 morte
776 1260 915 1296 Ecqfrz'di
927 1256 939 1273 ²
954 1262 979 1289 et
994 1261 1130 1288 Hlotheri
1143 1258 1153 1275 ³
1170 1268 1284 1296 regum.

89 1353 204 1387 ngrid
373 1349 495 1386 ΑΝΝΟ
516 1348 746 1385 dominicae
766 1348 1059 1385 incarnationis
1078 1347 1423 1388 DCLXXXHII.
1481 1348 1580 1397 Ecg·

88 1392 278 1465 Ξίἳὲῗῑᾷζζῃ
319 1414 399 1451 frid
439 1427 509 1450 rex
548 1413 1003 1463 Nordanhymbrorum,
1043 1413 1169 1451 misso
1205 1413 1451 1451 Hiberniam
1485 1427 1580 1452 cum

89 1471 280 1544 ἱΟέῙΞῙέζΠᾶν
320 1479 499 1517 exercitu
537 1479 638 1516 duce
678 1479 826 1517 Bere-to
840 1480 862 1527 4,
905 1479 1084 1517 uastauit
1124 1479 1274 1517 misere
1313 1481 1479 1528 gentem
1516 1480 1579 1517 in-

320 1544 499 1592 noxiam,
539 1546 580 1582 et
612 1544 772 1582 nationi
805 1545 1041 1593 Anglorum
1080 1559 1241 1594 semper
1273 1545 1575 1593 amicissimam,

319 1611 376 1648 ita
414 1612 460 1648 ut
499 1623 551 1648 ne
589 1609 769 1648 ecclesiis
808 1610 977 1659 quidem
1019 1613 1089 1649 aut
1127 1611 1388 1648 monasteriis
1432 1623 1581 1649 manus

321 1677 502 1725 parceret
535 1675 709 1713 hostilis.
772 1676 831 1713 At
861 1676 1043 1714 insulani
1077 1678 1127 1723 et,
1164 1678 1367 1725 quantum
1400 1676 1576 1723 ualuere,

321 1741 448 1779 armis
467 1754 580 1779 arma
594 1741 859 1790 repellebant,
881 1744 921 1779 et
941 1742 1178 1779 inuocantes
1194 1741 1359 1779 diuinae
1378 1741 1582 1780 auxilium

322 1807 497 1856 pietatis,
520 1807 689 1844 caelitus
711 1820 752 1844 se
772 1807 970 1844 uindicari
985 1807 1191 1845 continuis
1211 1807 1281 1845 diu
1302 1808 1583 1856 inprecationi-

322 1873 400 1910 bus
426 1872 699 1921 postulabant.
761 1872 815 1911 Et
842 1873 1033 1922 quamuis
1060 1873 1278 1910 maledici⁵
1304 1886 1480 1922 regnum
1505 1873 1583 1911 Dei
1608 1893 1619 1911 1
1636 1884 1705 1912 Cor.
1722 1884 1762 1911 vi.
1792 1885 1793 1899 l

322 1938 528 1987 possidere
557 1951 642 1975 non
674 1938 845 1986 possint.
878 1939 1079 1976 creditum
1109 1940 1170 1976 est
1199 1940 1349 1986 tamen,
1381 1938 1489 1987 quod
1523 1938 1577 1986 hi,
1605 1923 1793 1998 g'g‘ffi‘

323 2004 394 2052 qui
441 2003 589 2041 merito
638 2003 864 2052 impietatis
915 2017 1010 2041 suae
1058 2004 1416 2052 maledicebantur,
1471 2004 1584 2042 ocius

323 2069 502 2107 Domino
527 2069 690 2107 uindice
716 2083 867 2118 poenas
893 2070 956 2107 sui
979 2071 1115 2107 reatus
1138 2070 1309 2108 luerent.
1371 2070 1582 2119 Siquidem

322 2149 432 2173 anno
452 2139 545 2183 post
564 2135 676 2172 hunc
697 2135 884 2183 proximo
905 2136 1015 2173 idem
1035 2148 1116 2180 rex,
1143 2148 1237 2172 cum
1257 2137 1412 2173 temere
1433 2135 1582 2173 exerci-

322 2204 414 2239 tum
458 2201 507 2238 ad
551 2200 794 2238 uastandam
833 2201 1047 2239 Pictorum
1087 2201 1344 2249 prouinciam
1384 2200 1578 2249 duxisset,

324 2264 506 2301 multum
554 2263 870 2312 prohibentibus
920 2263 1073 2311 amicis,
1127 2265 1168 2301 et
1218 2265 1397 2302 maxime
1442 2264 1584 2302 beatae

325 2329 546 2367 memoriae
567 2329 832 2377 Cudberctoss,
858 2329 929 2378 qui
949 2342 1080 2378 nuper
1104 2329 1236 2367 fuerat
1265 2330 1478 2367 ordinatus
1507 2330 1585 2379 epi-

325 2407 481 2443 scopus,
498 2393 759 2432 introductus
779 2396 850 2442 est,
881 2392 886 2445 Ι
912 2394 1204 2432 simulantibus
1223 2395 1365 2444 fugam
1380 2395 1578 2443 hostibus,
1607 2401 1628 2430 f.
1647 2410 1683 2439 94
1697 2411 1724 2430 a.

369 2512 378 2529 ¹
401 2512 499 2552 -gild,
519 2515 629 2543 altered
645 2517 670 2543 to
687 2514 768 2552 -gils
784 2513 815 2543 N
833 2523 840 2551 ;
864 2513 975 2552 edgisl
993 2512 1042 2544 Οἳ.
1060 2514 1100 2544 Β.
1118 2513 1174 2553 (Ῥ).
1257 2512 1268 2530 ²
1291 2514 1358 2544 ecf-
1373 2514 1408 2545 C.
1498 2514 1510 2532 ³
1533 2525 1584 2546 —re

327 2566 364 2597 C.
467 2564 478 2582 ⁴
502 2566 629 2596 berhto
647 2566 683 2597 C.
784 2566 795 2584 ⁵
818 2565 890 2596 -fici
907 2565 965 2596 M¹.
1065 2565 1076 2582 ⁶
1100 2566 1260 2597 -berchto
1277 2566 1302 2597 C
1318 2576 1326 2605 ;
1351 2566 1464 2597 -berto
1480 2566 1521 2597 N.
