1803 2887
204 184 279 214 Cn.
300 180 340 221 L]
623 174 774 216 Gentis
802 173 1072 228 Aozylorum.
1209 229 1213 232 ι
1371 168 1377 174 ’
1410 177 1461 215 11

203 289 414 327 aduenerit
433 288 697 335 matutinum,
722 290 864 338 utpote
890 291 1091 326 nocturno
1117 289 1202 327 sole
1227 303 1312 327 non
1339 290 1460 339 longe

203 353 278 391 sub
304 353 422 391 terris
451 354 499 391 ad
530 353 731 391 orientem
755 353 938 391 boreales
966 366 1038 402 per
1066 354 1207 403 plagas
1236 355 1459 400 redeunte;

202 419 311 456 unde
340 418 464 456 etiam
492 419 695 467 plurimae
724 418 998 468 longitudinis
1027 419 1150 457 habet
1179 419 1265 457 dies
1294 423 1455 463 aestate,

202 484 307 521 sicut
341 486 381 521 et
409 485 549 521 noctes
581 486 723 521 contra
752 484 797 521 in
826 484 981 531 bruma,
1016 485 1101 521 sole
1130 484 1331 522 nimirum
1360 488 1459 522 tunc

203 549 376 598 Lybicas
396 549 439 585 in
459 551 595 598 partes
614 550 838 597 secedente,
859 549 900 586 id
922 551 982 587 est
1002 550 1198 587 horarum
1220 550 1259 587 X
1279 553 1319 588 et
1332 551 1443 588 VIII
1451 566 1459 597 ;

202 614 402 663 plurimae
427 614 528 651 item
552 614 768 652 breuitatis
794 617 935 652 noctes
957 617 1121 663 aestate,
1150 623 1190 653 et
1219 616 1306 653 dies
1336 617 1459 654 habet

202 679 245 717 in
265 680 422 727 bruma,
446 679 521 717 hoc
541 681 604 717 est
632 693 703 717 sex
723 680 982 717 solummodo
1009 681 1370 729 aequinoctialium
1394 682 1461 719 ho-

201 758 340 782 rarum
360 759 369 792 3
399 758 493 782 cum
512 745 556 782 in
577 745 787 792 Armenia,
813 745 1059 793 Macedonia,
1085 746 1217 793 Italia,
1237 747 1460 796 ceterisque

201 810 383 848 eiusdem
398 810 531 848 lineae
543 810 777 859 regionibus
792 811 1031 860 longissima
1044 811 1130 849 dies
1144 810 1152 828 ¹
1169 813 1257 849 siue
1269 826 1351 850 nox
1367 813 1455 853 XV.

200 876 440 914 breuissima
459 876 597 913 VIIII
617 876 804 925 conpleat
824 877 955 914 horas.

254 941 367 980 Haec
387 941 431 978 in
450 942 666 990 praesenti,
691 941 805 979 iuxta
828 955 1050 979 numerum
1071 942 1282 990 librorum,
1308 943 1458 992 quibus

172 1034 177 1040 .
202 1008 268 1045 lex
289 1007 430 1045 diuina
445 1007 595 1056 scripta
615 1010 686 1055 est,
717 1005 721 1057 Ι
748 1007 930 1056 quinque
944 1007 1133 1056 gentium
1147 1007 1310 1057 linguis,
1332 1022 1457 1047 unam

200 1074 452 1122 eandemque
489 1087 674 1111 summae
712 1073 897 1110 ueritatis
943 1075 983 1110 et
1030 1086 1148 1110 uerae
1190 1074 1459 1112 sublimitatis

200 1139 412 1177 scientiam
434 1141 638 1177 scrutatur
650 1138 671 1186 ²,
697 1141 736 1177 et
757 1139 984 1186 confitetur,
1002 1139 1235 1187 Anglorum
1252 1139 1453 1179 uidelicet.

201 1205 448 1242 Brettonum
463 1206 486 1253 3,
513 1205 758 1252 Scottorum,
784 1205 995 1242 Pictorum
1016 1207 1056 1242 et
1077 1205 1330 1253 Latinorum,
1357 1220 1458 1254 quae

199 1270 464 1308 meditatione
501 1270 798 1319 scripturarum
836 1271 979 1309 ceteris
1025 1271 1218 1309 omnibus
1256 1274 1317 1309 est
1354 1272 1458 1309 facta

199 1336 441 1374 communis.

253 1401 306 1439 In
343 1401 487 1450 primis
524 1403 662 1440 autem
700 1402 799 1440 haec
830 1402 965 1440 insula
996 1403 1214 1440 Brettones
1248 1403 1393 1451 solum,
1437 1416 1458 1440 a

200 1466 347 1516 quibus
371 1468 550 1505 nomen4
578 1468 741 1517 accepit,
772 1468 925 1506 incolas
954 1468 1122 1515 habuit3
1153 1468 1223 1517 qui
1249 1469 1298 1506 de
1325 1471 1457 1507 tractu

199 1533 502 1581 Armoricano⁵,
539 1535 586 1571 ut
615 1533 756 1581 fertur,
785 1533 1032 1571 Brittaniam
1060 1534 1229 1581 aduecti,
1262 1535 1459 1572 australes

198 1598 276 1636 sibi
294 1601 428 1647 partes
447 1599 560 1636 illius
580 1599 854 1638 uindicarunt.

251 1664 305 1701 Et
343 1678 436 1702 cum
473 1664 696 1714 plurimam
730 1665 887 1703 insulae
918 1667 1088 1714 partem,
1127 1665 1370 1714 incipientes
1408 1666 1458 1703 ab

197 1730 363 1778 Austro,
406 1730 695 1778 possedissent,
738 1731 909 1780 contigit
947 1733 1116 1780 gentem
1154 1731 1370 1768 Pictorum
1409 1732 1459 1769 de

197 1795 374 1844 Scythia,
423 1797 468 1833 ut
506 1796 733 1844 perhibent,
776 1795 910 1846 longis
957 1796 1134 1834 nauibus
1180 1810 1266 1834 non
1314 1797 1458 1834 multis

197 1860 405 1898 Oceanum
452 1861 691 1910 ingressam,
735 1862 1036 1911 circumagente
1075 1862 1175 1899 flatu
1219 1864 1453 1904 uentorum,

197 1927 309 1963 extra
341 1926 445 1964 fines
480 1940 623 1964 omnes
657 1927 886 1965 Brittaniae
921 1927 1167 1965 Hiberniam
1205 1928 1452 1976 peruenisse,

196 1990 362 2040 eiusque
382 1992 722 2041 septentrionales
742 2006 830 2030 oras
857 1993 1043 2040 intrasse,
1069 1994 1189 2041 atque
1210 1994 1380 2031 inuenta
1401 1994 1458 2031 ibi

196 2059 316 2105 gente
343 2057 589 2105 Scottorum,
621 2058 700 2096 sibi
730 2071 891 2107 quoque
919 2058 964 2096 in
992 2059 1176 2107 partibus
1204 2058 1317 2096 illius
1344 2060 1459 2097 sedes

197 2123 357 2170 petisse,
390 2137 464 2161 nec
491 2124 697 2173 inpetrare
726 2113 920 2172 pot‘uisse.
982 2124 1058 2162 Est
1087 2126 1225 2162 autem
1255 2124 1460 2162 Hibernia

195 2187 329 2225 insula
349 2189 537 2226 omnium
550 2192 642 2239 post
659 2190 909 2227 Brittaniam
923 2190 1114 2237 maxima,
1135 2190 1183 2227 ad
1204 2190 1457 2228 occidentem

197 2253 362 2302 quidem
383 2254 614 2292 Brittaniae
634 2255 709 2293 sita
727 2270 734 2302 ;
760 2255 830 2293 sed
847 2255 953 2293 sicut
973 2257 1116 2293 contra
1135 2256 1390 2305 Aquilonem
1411 2269 1458 2293 ea

195 2319 367 2368 breuior,
391 2321 449 2358 ita
469 2320 513 2357 in
533 2320 748 2358 meridiem
770 2334 812 2358 se
830 2323 944 2359 trans
964 2321 1073 2358 illius
1099 2321 1203 2359 fines
1225 2321 1455 2370 plurimum

195 2386 453 2434 protendens,
496 2400 624 2436 usque
661 2389 802 2425 contra
841 2387 1067 2436 Hispaniae
1105 2387 1450 2436 septentrionalia,

195 2451 383 2498 quamuis
415 2465 564 2501 magno
598 2466 770 2501 aequore
803 2453 1070 2490 interiacente
1107 2453 1308 2501 peruenit.
1386 2453 1454 2490 Ad

239 2547 248 2565 ¹
272 2548 346 2578 dies
358 2559 403 2578 om
415 2549 472 2580 M1.
585 2550 597 2566 ²
620 2553 795 2582 scrutetur
811 2552 856 2583 M.
984 2552 995 2569 ³
1019 2552 1105 2582 brit-
1123 2552 1174 2590 N;
1199 2555 1263 2582 (aad
1279 2554 1453 2587 sousaalIy,

199 2591 208 2607 ⁴
229 2601 264 2631 et
280 2610 409 2632 nomen
423 2602 465 2633 N.
569 2604 580 2621 ⁵
604 2605 832 2634 armonicano
850 2604 897 2634 M.
915 2604 974 2642 Hi.
992 2604 1044 2642 07.

1485 300 1534 328 Its
1549 301 1690 328 climate.

1482 954 1559 982 Five

1481 994 1658 1028 languages

1482 1033 1517 1059 in
1533 1042 1589 1060 use
1604 1033 1638 1059 in

1483 1072 1621 1100 Britain.

1482 1417 1549 1444 The

1483 1457 1625 1485 Britons.

1482 1673 1548 1700 The
1564 1673 1659 1701 Picts.
