1803 2887
245 202 322 234 Cn.
338 199 395 240 V.]
646 190 796 234 Gentis
827 191 1096 245 Anylorum.
1445 194 1497 233 91

239 307 394 344 mentis
418 306 593 354 uesania,
619 307 658 344 et
686 305 856 354 spiritus
884 305 1078 344 inmundi
1107 305 1319 344 inuasione
1347 320 1501 356 preme-

239 371 368 411 batur.

293 437 423 475 Auxit
443 439 581 474 autem
601 436 823 485 procellam
848 435 1018 474 huiusce
1037 436 1356 485 perturbationis
1375 437 1500 475 etiam
1524 447 1591 474 and
1607 447 1715 476 Essex.

238 515 350 539 mors
387 500 591 539 Sabercti¹
622 501 731 550 regis
765 501 1038 539 Orientalium
1071 501 1292 550 Saxonum,
1328 502 1398 551 qui
1428 503 1500 540 ubi

237 579 362 616 regna
387 566 579 616 perennia
599 568 743 615 petens
769 568 853 604 tres
882 580 977 604 suos
1004 566 1121 614 filios,
1148 567 1217 616 qui
1244 567 1392 617 pagani
1417 581 1502 616 per-

237 633 494 679 durauerant‚
512 631 628 680 regni
645 631 884 680 temporalis
899 631 1070 669 heredes
1085 632 1262 681 reliquit,
1281 634 1500 681 coeperunt

235 697 299 734 illi
336 709 433 733 mox
461 695 682 744 idolatriae,
728 709 862 745 quam,
896 696 1067 734 uiuente
1102 710 1158 744 ρο,
1193 697 1499 746 aliquantulum

234 758 506 798 intermisisse
543 761 801 809 uidebantur,
844 761 980 810 palam
1019 761 1182 809 seruire,
1227 762 1500 811 subiectisque

233 826 397 874 populis
415 826 523 863 idola
544 826 703 864 colendi
722 827 894 864 liberam
915 827 1009 864 dare
1030 827 1250 865 licentiam.
1313 828 1499 876 Cumque

234 890 422 928 uiderent
460 892 708 940 pontificem,
744 893 957 930 celebratis
991 892 1036 930 in
1071 893 1240 931 ecclesia
1275 893 1498 931 missarum

234 956 473 1004 sollemniis,
517 957 831 995 eucharistiam²
872 958 1024 1006 populo
1064 958 1169 1005 dare,
1214 958 1412 1005 dicebant,
1452 961 1497 996 ut

234 1021 360 1070 uulgo
378 1022 518 1069 fertur,
544 1022 594 1060 ad
625 1036 720 1060 eum
747 1023 916 1061 barbara
944 1023 1077 1061 inflati
1101 1024 1304 1062 stultitia:
1339 1024 1498 1072 ‘Quare

234 1098 320 1123 non
350 1088 390 1124 et
419 1087 538 1125 nobis
566 1088 740 1137 porrigis
768 1101 917 1136 panem
944 1088 1135 1135 nitidum,
1168 1102 1292 1137 quem
1322 1092 1361 1126 et
1390 1089 1498 1138 patri

236 1154 377 1190 nostro
409 1153 511 1190 Saba
524 1154 564 1201 ³,'
591 1153 647 1190 sic
678 1167 856 1202 namque
881 1167 975 1191 eum
1004 1154 1209 1203 appellare
1239 1157 1493 1201 consuerant,

240 1216 249 1234 ⁶
264 1217 396 1266 dabas,
421 1220 460 1255 et
480 1219 631 1267 populo
651 1219 783 1256 adhuc
804 1219 897 1256 dare
917 1219 960 1256 in
982 1219 1144 1257 ecclesia
1173 1233 1258 1257 non
1279 1219 1441 1257 desistis
1454 1221 1496 1258 :³⁵

236 1282 394 1330 Quibus
431 1284 502 1321 ille
535 1284 831 1333 respondebat:
875 1284 940 1322 ‘Si
973 1285 1102 1322 uultis
1136 1285 1249 1322 ablui
1282 1285 1396 1323 fonte
1424 1285 1496 1323 illo

233 1348 410 1396 salutari,
447 1363 527 1398 quo
555 1352 671 1398 pater
699 1352 836 1387 uester
867 1350 1033 1388 ablutus
1062 1353 1134 1397 est,
1167 1350 1339 1399 potestis
1369 1351 1493 1389 etiam

231 1415 350 1463 panis
379 1415 519 1462 sancti,
545 1415 611 1452 cui
639 1415 709 1452 ille
728 1415 1005 1464 participabat,
1041 1429 1128 1453 esse
1154 1416 1398 1465 participes3
1429 1417 1493 1454 sin

230 1482 369 1518 autem
399 1481 609 1518 lauacrum
638 1481 748 1518 uitae
775 1481 1051 1528 contemnitis,
1085 1481 1324 1519 nullatenus
1348 1482 1495 1521 ualetis

230 1558 381 1594 panem
401 1546 509 1583 uitae
529 1546 745 1595 percipere.
808 1548 867 1584 At
887 1547 949 1584 illi
966 1561 974 1585 ε
1009 1547 1264 1594 ‘Nolumus’
1283 1547 1490 1596 inquiunt,

33 1615 53 1643 f.
70 1626 98 1651 31
117 1617 144 1644 b·
236 1611 414 1649 ‘fontem
442 1611 562 1649 illum
588 1612 751 1660 intrare,
777 1612 871 1662 quia
897 1626 971 1650 nec
998 1626 1099 1662 opus
1119 1613 1192 1650 illo
1219 1612 1222 1664 l
1249 1627 1324 1651 nos
1343 1613 1494 1651 habere

229 1677 436 1724 nouimus,
458 1678 527 1715 sed
548 1680 688 1715 tamen
703 1692 808 1727 pane
824 1678 896 1715 illo
911 1678 1021 1716 refici
1038 1679 1258 1717 uolumus.'
1308 1678 1494 1728 Cumque

229 1742 450 1792 diligenter
469 1756 514 1780 ac
535 1756 652 1792 saepe
672 1744 722 1781 ab
746 1744 818 1781 illo
845 1746 983 1782 essent
1008 1744 1211 1782 admoniti
1231 1758 1491 1794 nequaquam

227 1807 286 1846 ita
314 1808 402 1846 fieri
430 1821 558 1858 posse,
590 1811 637 1847 ut
665 1809 818 1858 absque
846 1810 1089 1860 purgatione
1118 1812 1370 1848 sacrosancta
1401 1811 1492 1859 quis

228 1874 428 1912 oblationi
480 1877 758 1913 sacrosanctae
810 1876 1144 1923 communicaret,
1196 1876 1246 1913 ad
1293 1876 1491 1914 ultimum

226 1939 363 1977 furore
394 1940 590 1978 commoti
608 1940 795 1979 aiebant:
840 1941 906 1979 ‘Si
933 1955 1017 1979 non
1041 1941 1105 1979 uis
1135 1941 1342 1979 adsentire
1372 1942 1491 1980 nobis
1517 1950 1663 1979 Mellitus

225 2005 271 2042 in
290 2007 376 2042 tam
396 2005 531 2042 facili4
551 2018 680 2053 causa,
706 2019 831 2055 quam
850 2007 1041 2055 petimus,
1066 2020 1151 2044 non
1170 2007 1322 2056 poteris
1343 2007 1425 2045 iam
1445 2007 1492 2046 in
1515 1991 1669 2025 expelled.

226 2073 367 2109 nostra
387 2071 598 2120 prouincia
614 2072 843 2110 demorari.’
901 2072 955 2110 Et
976 2073 1223 2122 expulerunt
1244 2086 1350 2121 eum,
1375 2086 1420 2111 ac
1441 2074 1491 2111 de

226 2149 299 2174 suo
318 2149 444 2185 regno
464 2149 558 2174 cum
578 2137 663 2174 suis
683 2137 794 2175 abire
813 2137 1034 2176 iusserunt.

281 2202 361 2250 Qui
394 2202 588 2251 expulsus
620 2202 717 2241 inde
748 2203 863 2241 uenit
893 2203 1092 2252 Cantiam,
1117 2206 1366 2243 tractaturus
1396 2218 1490 2242 cum

225 2267 446 2306 Laurentio
494 2270 534 2306 et
581 2269 699 2307 Iusto
748 2269 1004 2318 coepiscopis,
1049 2269 1149 2319 quid
1196 2270 1242 2307 in
1280 2270 1346 2307 his
1384 2272 1489 2308 esset

224 2333 438 2381 agendum.
500 2334 803 2384 Decretumque
837 2337 898 2372 est
933 2335 1145 2373 communi
1179 2335 1359 2382 consilio,
1396 2336 1491 2384 quia

225 2398 352 2436 satius
384 2401 499 2447 esset,
534 2402 580 2437 ut
616 2413 760 2438 omnes
798 2401 977 2449 patriam
1005 2401 1234 2448 redeuntes,
1268 2401 1397 2439 libera
1430 2401 1490 2438 ibi

224 2466 365 2501 mente
392 2464 573 2503 Domino
602 2465 866 2515 deseruirent,
898 2479 1023 2516 quam
1052 2465 1162 2504 inter
1188 2466 1363 2504 rebelles
1392 2466 1490 2504 fidei

754 1547 762 1562 2

267 2548 276 2565 ¹
302 2550 478 2581 saeberhti
494 2551 539 2590 C;
556 2552 714 2582 saebercti
730 2550 784 2583 B2.
961 2551 972 2568 ²
995 2552 1062 2583 —tia
1076 2552 1121 2583 M.
1289 2553 1300 2571 ³
1325 2553 1417 2583 saeba
1435 2552 1487 2584 B'2.

223 2599 235 2617 4
258 2600 353 2631 felici
370 2601 406 2632 C.
427 2602 468 2633 D.
