1803 2887
100 1049 169 1085 f·33
184 1049 212 1077 b.

241 192 319 223 Cu.
337 188 411 230 ΙΧ.]
640 183 791 226 Gentis
821 183 861 224 A
871 184 1090 239 nylorum.
1440 188 1494 228 97

239 297 442 335 commodis
456 297 677 336 animarum
692 302 779 337 ante
794 301 965 339 tribunal
978 302 1118 339 summi
1133 305 1168 340 et
1180 303 1334 340 uenturi
1347 303 1497 340 Iudicis

238 366 500 409 repraesentes.

293 428 400 466 Deus
420 431 453 466 te
472 429 696 468 ineolumem
715 431 910 479 custodiat,
936 432 1171 470 dilectissime
1182 433 1318 480 frater.

754 605 874 644 OAP.
909 606 984 643 IX.

241 702 282 730 De
298 702 423 736 imperio
440 703 518 738 resst's
533 701 704 740 Aeduinffl,
722 707 747 733 et
764 707 796 733 ut
810 707 938 735 ‘ueniens
949 708 991 735 acl
1005 708 1284 743 euarzyelz'mmlum
1301 708 1328 735 ei
1343 708 1499 736 Paulinus

300 755 402 790 primo
411 754 516 788 filiam
532 756 599 784 eius
613 765 683 785 cum
699 757 773 785 aliis
781 758 857 792 fidei
875 758 1065 787 Christianae
1080 761 1280 788 sacramentis
1295 761 1439 789 imbuerit.

295 842 386 890 QUO
415 844 596 891 tempore
625 841 748 880 etiam
776 856 878 892 gens
909 843 1352 893 Nordanhymbrorum
1364 844 1387 892 ²,
1420 845 1496 889 hoc
1521 854 1723 883 Conversion

239 909 301 945 est
321 921 367 945 ea
387 907 497 945 natio
512 907 757 956 Anglorum,
779 921 879 957 quae
899 908 948 946 ad
969 909 1261 957 Aquilonalem
1278 910 1468 948 Humbre
1484 910 1496 929 3
1520 894 1706 966 353ssssth

237 972 422 1010 fluminis
458 973 620 1022 plagam
656 973 878 1012 habitabat.
912 987 1007 1011 cum
1044 987 1138 1023 rege
1176 988 1249 1013 suo
1279 976 1498 1013 Aeduin0⁴
1521 973 1687 1001 Paulinus

239 1038 413 1076 uerbum
433 1038 527 1076 fidei
548 1039 807 1087 praedicante
833 1037 836 1088 Ι
864 1039 1050 1086 Paulino,
1075 1040 1191 1077 cuius
1217 1053 1338 1089 supra
1358 1041 1498 1078 memi-

239 1103 390 1151 nimus,
433 1103 618 1152 suscepit.
689 1104 763 1142 Cui
808 1104 998 1142 uidelicet
1040 1105 1137 1154 regi,
1180 1105 1225 1143 in
1269 1106 1498 1155 auspicium

241 1170 524 1219 suscipiendae
562 1169 660 1207 fidei
697 1172 737 1208 et
775 1170 890 1219 regni
928 1171 1124 1216 caelestis,
1156 1174 1337 1220 potestas
1373 1172 1499 1210 etiam

240 1235 392 1274 terreni
412 1236 591 1273 creuerat
612 1235 773 1284 imperii
791 1250 799 1283 ;
829 1236 884 1273 ita
905 1238 962 1283 ut,
993 1237 1100 1285 quod
1121 1250 1242 1275 nemo
1263 1238 1498 1286 Anglorum

240 1303 336 1338 ante
355 1313 462 1348 eum,
488 1313 630 1338 omnes
650 1301 882 1339 Brittaniae
902 1301 1016 1349 fines,
1041 1315 1120 1351 qua
1140 1303 1207 1340 uel
1227 1303 1409 1351 ipsorum
1430 1303 1498 1341 uel

240 1367 490 1404 Brettonum
521 1366 754 1415 prouinciae
784 1367 1025 1405 habitabant
1037 1367 1060 1415 5,
1099 1368 1176 1406 sub
1210 1368 1370 1406 dicione
1403 1369 1499 1407 acci-

240 1434 354 1481 peret
366 1433 388 1470 ⁶.
469 1432 577 1479 Quin
615 1434 655 1469 et
692 1432 903 1470 Meuanias
940 1432 1109 1481 insulas,
1153 1434 1259 1471 sicut-
1298 1436 1338 1472 et
1376 1448 1497 1484 supra
1524 1448 1634 1476 Power
1648 1450 1684 1475 of

241 1497 465 1543 docuimus,
517 1497 689 1546 imperio
735 1498 970 1548 subiugauit
1011 1499 1272 1549 Anglorum3
1326 1513 1499 1549 quarum
1525 1488 1649 1516 Edwin.

241 1562 362 1612 prior,
387 1576 489 1612 quae
509 1563 559 1600 ad
580 1565 767 1600 austrum
788 1565 859 1611 est,
886 1566 926 1601 et-
954 1564 1035 1601 situ
1063 1565 1246 1613 amplior,
1273 1567 1313 1602 et
1332 1565 1498 1615 frugum

242 1630 446 1677 prouentu
484 1630 605 1677 atque
647 1628 833 1666 ubertate
870 1629 1038 1677 felicior,
1082 1632 1386 1679 nongentarum
1424 1631 1500 1669 LX

241 1693 493 1731 familiarum
514 1707 750 1732 mensuram
770 1695 883 1732 iuxta
902 1695 1231 1733 aestimationem
1252 1697 1496 1745 Anglorum,

241 1760 418 1797 secunda
437 1762 714 1798 trecentarum
734 1762 774 1797 et
794 1761 901 1798 ultra
920 1761 1099 1810 spatium
1118 1763 1243 1800 tenet.

296 1825 406 1863 Huic
445 1827 582 1863 autem
621 1826 735 1875 genti
768 1826 920 1864 occasio
959 1826 1038 1864 fuit
1074 1827 1358 1876 percipiendae
1390 1827 1497 1876 fidei,
1527 1837 1586 1882 His
1601 1845 1684 1882 maf-

243 1891 351 1940 quod
371 1891 577 1939 praefatus
597 1904 667 1928 rex
688 1891 777 1929 eius
802 1891 1043 1941 cognatione
1066 1892 1233 1930 iunctus
1257 1895 1319 1930 est
1338 1893 1502 1942 regibus
1525 1877 1710 1951 {5311}ssss

244 1957 568 2005 Cantuariorum,
592 1959 753 2006 accepta
779 1957 823 1994 in
854 1957 1069 2007 coniugem
1095 1958 1366 2008 Aedilbergae
1382 1959 1395 1978 ⁷
1419 1959 1504 1996 filia
1527 1956 1735 2024 ἒῖἶξῗΐξζῒθῖ

242 2022 495 2060 Aedilbercti
510 2022 522 2041 3
545 2022 660 2072 regis
694 2036 796 2071 quae
822 2023 900 2060 alio
925 2023 1094 2060 nomine
1121 2024 1244 2061 Tatae
1267 2024 1498 2062 uocabatur.
1703 2018 1708 2022 ⁴

242 2089 381 2128 Huius
396 2090 645 2128 consortium
661 2103 756 2127 cum
772 2090 905 2138 primo
918 2090 1004 2139 ipse
1019 2089 1157 2127 missis
1170 2089 1182 2108 ⁹
1197 2090 1328 2139 procis
1341 2103 1362 2128 a
1377 2090 1505 2128 fratre

243 2155 330 2194 eius
343 2154 627 2203 Aeodbaldow,
640 2156 711 2204 qui
726 2157 824 2193 tunc
840 2169 964 2204 regno
979 2155 1292 2193 Cantuariorum
1306 2157 1498 2204 praeerat.

242 2223 427 2271 peteret;
457 2234 698 2270 responsum
727 2223 787 2258 est
816 2235 900 2258 non
925 2234 1012 2258 esse
1038 2221 1200 2258 licitum
1227 2221 1503 2259 Christianam

243 2287 448 2336 uirginem
471 2300 629 2336 pagano
656 2286 700 2324 in
727 2287 944 2335 coniugem
975 2286 1071 2333 dari,
1098 2299 1150 2323 ne
1175 2287 1276 2324 fides
1306 2289 1347 2324 et
1377 2300 1501 2324 sacra-

243 2354 383 2390 menta
421 2352 607 2390 caelestis
642 2352 747 2401 regis
787 2352 989 2389 consortio
1027 2351 1344 2400 profanarentur
1382 2352 1499 2402 regis,

288 2457 298 2474 ¹
322 2459 446 2488 eduini
463 2458 499 2490 C.
517 2459 546 2488 B
563 2469 571 2497 3
594 2458 704 2489 eduni
720 2459 761 2490 N.
897 2459 908 2474 ‘⁶'
931 2458 1078 2489 norban-
1093 2459 1127 2490 C.
1263 2458 1275 2475 ³
1297 2459 1393 2489 —brae
1411 2458 1447 2489 C.
1463 2458 1502 2489 B.

245 2509 256 2526 ⁴
279 2509 433 2540 eduuine
451 2511 495 2546 C;
520 2510 650 2540 eduine
668 2511 707 2541 B.
842 2510 853 2527 ⁵
877 2511 1042 2541 habitant
1060 2511 1105 2541 M.
1233 2508 1244 2525 ⁵
1267 2511 1439 2550 acceperit
1456 2510 1501 2540 M.

241 2560 252 2578 '¹
280 2571 335 2601 -ge
352 2562 400 2600 133
424 2563 644 2602 aebilburgae
662 2562 698 2593 Cl
716 2573 723 2601 ;
749 2573 803 2602 -ga
822 2561 869 2593 ΟΖ.
924 2563 935 2580 ⁸
958 2562 1188 2593 aeoilberchti
1206 2563 1240 2593 C.
1307 2562 1318 2579 ⁹
1341 2563 1442 2593 misis
1459 2562 1504 2594 M.

247 2611 271 2630 ¹⁰
294 2614 464 2645 eodbaldo
480 2614 542 2650 B1;
567 2615 737 2645 eadbaldo
755 2615 791 2645 C.
805 2613 857 2644 B2.

852 2683 885 2710 H
