1803 2887
74 1849 124 1876 He
134 1849 280 1878 becomes

71 1898 92 1917 a
108 1889 217 1916 monk.

319 149 403 189 260
675 150 883 191 Historia
914 150 1220 192 Eeclesiastiea
1413 158 1499 200 [Lm.
1517 160 1573 192 IV.

317 263 512 302 debemus
532 267 738 303 auctorem
765 265 881 315 regni
907 266 1100 314 caelestis,
1125 267 1352 315 potentiam
1373 266 1575 305 Oreatoris

317 332 356 367 et
376 330 595 368 consilium
616 331 739 378 illius,
763 331 869 369 facta
890 332 1027 369 Patris
1046 332 1207 381 gloriae.
1261 333 1473 380 Quomodo
1489 333 1570 379 ille,

316 408 410 433 cum
442 395 494 433 sit
524 398 714 433 aeternus
746 397 866 444 Deus,
901 397 1089 434 omnium
1117 397 1408 435 miraculorum
1435 400 1577 436 auctor

314 461 461 507 extitit,
488 461 558 509 qui
577 461 710 510 primo
740 461 836 499 filiis
861 462 1081 500 hominum
1110 463 1267 500 caelum
1293 476 1366 511 pro
1393 463 1576 500 culmine

312 527 420 573 tecti,
441 526 590 564 dehinc
605 529 756 564 terram
773 529 910 565 custos
926 527 1118 564 humani¹
1137 528 1297 577 generis
1312 528 1574 578 omnipotens

313 592 493 629 creauit?
516 580 631 637 ’ζ’ἸῖΙίο
663 594 724 630 est
753 606 905 639 sensus,
945 606 1028 630 non
1060 595 1198 630 autem
1232 593 1346 647 ordo!
1364 593 1451 642 ipse
1484 607 1572 631 uer-

311 656 470 704 borum,
517 639 621 706 {uae
667 657 876 695 dormiens
922 657 992 695 ille
1039 658 1232 705 canebat;
1283 649 1415 707 neque
1462 659 1572 697 enim

310 724 484 770 possunt
518 723 710 770 carmina,
747 723 937 772 quamuis
971 723 1125 771 optime
1156 736 1322 772 conpo>1
1343 737 1376 771 a,
1412 737 1461 761 ex
1494 725 1573 763 alia

311 787 355 825 in
400 788 522 826 aliam
561 788 745 838 linguam
783 789 834 826 ad
872 788 1071 841 uerbum*
1089 789 1178 842 sine
1221 789 1470 827 detrimento
1509 790 1573 827 sui

310 853 465 891 decoris
498 867 542 891 ac
578 854 790 903 dignitatis
818 841 1341 909 ti‘ansferri.JExsurge11s
1373 857 1512 893 autem
1549 868 1573 893 a

309 932 464 966 somno,
495 922 649 967 cuncta,
684 933 786 969 quae
816 907 1300 968 dormiens*'cantaueraa
1332 921 1572 959 memoriter

308 985 488 1032 retinuit,
522 988 562 1023 et
595 985 652 1023 eis
682 999 778 1023 mox
811 985 929 1034 plura
961 986 1006 1023 in
1036 987 1213 1023 eundem
1246 987 1418 1024 modum
1448 987 1571 1025 uerba

308 1050 394 1088 Deo
416 1051 530 1100 digni
549 1051 743 1089 carminis
761 1051 960 1089 adiunxit.

364 1116 630 1166 Uenjensqne
651 1130 774 1154 mane
793 1117 842 1154 ad
864 1117 1045 1161 uilicum,
1067 1117 1137 1165 qui
1158 1116 1235 1153 sibi
1255 1119 1450 1166 praeerat,
1471 1117 1569 1166 quid

309 1181 406 1219 doni
435 1182 691 1231 percepisset,
726 1182 936 1228 indicauit,
972 1184 1093 1230 atque
1123 1183 1173 1219 ad
1206 1182 1453 1220 abbatissam
1484 1196 1570 1232 per-

309 1247 465 1295 ductus,
490 1248 626 1286 iussus
647 1250 719 1296 est,
750 1247 753 1297 i
781 1247 926 1285 multis
943 1247 1193 1285 doctioribus
1209 1247 1309 1285 uiris
1324 1246 1336 1265 ²
1352 1248 1569 1296 praesenti-

307 1313 394 1360 bus,
415 1313 593 1351 indicare
611 1314 832 1361 somnium,
853 1315 893 1351 et
907 1313 1039 1350 dicere
1055 1326 1231 1360 carmen,
1248 1315 1294 1351 ut
1310 1313 1568 1352 uniersorum

308 1378 467 1427 iudicio,
489 1379 585 1428 quid
608 1379 674 1416 uel
691 1380 800 1417 unde
817 1380 933 1426 esset,
955 1379 1062 1427 quod
1084 1378 1292 1425 referebat,
1312 1378 1565 1427 probaretur.

309 1444 542 1493 Uisumque
573 1447 634 1482 est
665 1444 857 1482 omnibus
889 1444 1104 1482 caelestem
1138 1443 1175 1480 ei
1210 1457 1233 1481 a
1268 1444 1447 1482 Domino
1479 1458 1568 1483 con·

307 1523 462 1547 cessam
496 1510 607 1548 esse3
637 1510 822 1559 gratiam.
884 1509 1238 1559 Exponebantque
1268 1509 1330 1546 illi
1361 1511 1567 1559 quendam

306 1589 440 1613 sacrae
460 1576 654 1613 historiae
675 1576 762 1613 siue
784 1575 992 1613 doctrinae
1008 1589 1252 1624 sermonem,
1272 1575 1567 1625 praecipientes

307 1654 413 1689 eum,
439 1641 473 1679 si
493 1643 640 1691 posset,
667 1642 777 1679 hunc
798 1641 841 1679 in
867 1641 1193 1679 modulationem
1220 1641 1414 1679 carminis
1439 1643 1567 1679 trans-

306 1706 419 1746 ferre.
482 1709 540 1745 At
561 1708 631 1745 ille
653 1709 839 1756 suscepto
867 1707 1030 1756 negotio
1051 1707 1162 1753 abiit,
1188 1711 1228 1745 et
1248 1720 1370 1745 mane
1390 1707 1562 1754 rediens,

306 1773 462 1821 optimo
489 1774 678 1819 carmine,
703 1774 811 1822 quod
836 1772 1064 1819 iubebatur,
1090 1773 1349 1822 conpositum
1373 1772 1560 1810 reddidit.

305 1838 427 1876 Unde
454 1852 550 1876 mox
576 1839 781 1876 abbatissa
807 1839 1061 1887 amplexata⁴
1083 1838 1257 1888 gratiam
1286 1837 1363 1875 Dei
1391 1838 1435 1875 in
1459 1838 1560 1879 uiro.

305 1905 553 1942 saecularem
578 1905 699 1942 illum
724 1904 912 1942 habitum
939 1904 1181 1953 relinquere,
1205 1906 1245 1941 et
1276 1903 1564 1941 monachicum

303 1970 507 2019 suscipere
533 1970 789 2019 propositum
814 1970 960 2017 docuit,
989 1972 1308 2018 susceptumque
1340 1969 1385 2006 in
1408 1982 1565 2007 monas-

303 2036 453 2073 terium
484 2050 577 2074 cum
607 2036 799 2074 omnibus
829 2036 914 2074 suis
943 2036 1117 2073 fratrum
1147 2035 1305 2073 cohorti
1327 2035 1558 2081 adsociauit,

302 2102 504 2151 iussitque
524 2102 645 2139 illum
667 2101 813 2139 seriem
834 2115 967 2139 sacrae
983 2101 1177 2139 historiae
1197 2101 1344 2139 doceri.
1403 2102 1462 2139 At
1476 2101 1564 2149 ipse

303 2169 459 2214 chncta,
493 2181 597 2216 quae
630 2167 834 2205 audiendo
865 2167 1018 2205 discere
1047 2169 1216 2216 poterat,
1251 2166 1562 2219 rememorando

302 2246 449 2279 secum,
470 2235 509 2270 et
532 2226 647 2281 quasi
664 2234 869 2270 mundum
886 2232 1037 2270 animal
1054 2225 1376 2287 1'11niinaninn
1397 2244 1561 2269 carmen

301 2298 587 2336 dulcissimum
619 2298 894 2345 conuertebat,
931 2298 1178 2346 suauiusque
1216 2297 1443 2335 resonando
1473 2298 1560 2335 doc-

302 2366 410 2401 tores
444 2377 539 2401 suos
574 2363 757 2401 uicissim
795 2363 1002 2401 auditores
1039 2365 1102 2401 sui
1136 2364 1317 2401 faciebat.
1379 2363 1559 2401 Canebat

301 2431 438 2467 autem
460 2429 510 2466 de
529 2429 732 2466 creatione
759 2429 917 2475 mundi,
943 2431 984 2466 et
1004 2429 1161 2478 origine
1187 2428 1361 2466 humani
1384 2427 1554 2478 generis,

1450 2525 1461 2543 8

344 2527 352 2544 ¹
377 2528 566 2558 hominum
584 2528 613 2557 N
621 2528 637 2558 ¹.
759 2526 771 2543 ²
795 2528 995 2559 doctoribus
1003 2531 1057 2565 ,for
1073 2527 1161 2559 doct.
1182 2527 1271 2558 uiris
1289 2527 1330 2558 N.
1484 2537 1559 2559 esse

301 2590 357 2610 om.
375 2580 432 2611 Mt.
546 2580 555 2596 ⁴
580 2582 629 2610 —ta
643 2581 695 2610 est
712 2579 759 2610 M.

1593 1249 1614 1277 f.
1631 1259 1662 1287 91
1680 1250 1708 1278 b.
