1803 2887
51 435 160 469 1:131).

247 190 326 220 Cn.
341 186 448 228 XXI]
651 177 803 221 Gentis
833 178 873 220 A
883 193 907 219 n
913 177 1104 233 9lorum.
1447 181 1503 221 39

241 296 468 343 sperabatur
488 296 686 341 aduentus,
709 295 851 332 uallem
879 295 1151 332 circumdatam
1179 292 1351 332 mediis¹
1372 297 1504 333 monti—

245 361 314 399 bus
332 362 511 399 intuetur.
574 360 653 408 Quo
672 361 716 397 in
740 360 816 397 loco
836 371 979 397 nouum
999 361 1178 407 conponit
1199 361 1400 397 exercitum
1426 362 1504 408 ipsc

245 426 324 463 clu-sc
349 427 526 475 aqminis.
608 423 611 475 Ι
637 425 694 462 Et
715 427 792 462 iam
815 425 949 462 aderat-
965 425 1078 471 ferox
1100 425 1265 463 hostium
1286 425 1497 473 multitudo,

242 503 359 539 quam
395 492 703 539 adpropinquare
740 490 990 527 intuebantur
1026 491 1068 527 in
1106 491 1258 528 insidiis
1295 492 1498 529 constituti.

244 557 344 594 Tum
357 558 481 595 subito
504 557 720 595 Germanus
733 556 898 604 siqnifer
913 557 1116 594 uniuersos
1135 556 1321 603 admonet,
1346 559 1382 593 et
1393 567 1504 604 prae-

243 623 346 660 dicat
357 620 379 669 2,
402 625 447 660 ut
473 622 556 660 uoci
581 633 673 660 suae
698 633 777 659 uno
804 621 965 659 clamore
990 621 1264 668 respondeant;
1293 622 1504 669 securisque

241 688 420 734 hostibus,
453 688 519 734 qui
551 698 589 725 se
620 687 832 733 insperatos
864 686 992 724 adesse
1027 686 1265 733 confiderent,
1300 686 1502 724 alleluiam

242 754 348 790 tertio
368 753 558 800 repetitam
577 752 786 791 sacerdotes
804 751 1077 788 exclamabant.
1130 750 1312 798 Sequitur
1328 763 1410 788 una
1428 763 1504 788 uox

242 819 421 864 omnium,
456 820 491 854 et
518 816 698 854 elatum³
727 818 930 854 clamorem
956 828 1172 864 repercusso
1205 828 1289 854 acre
1314 818 1502 854 montium
1525 824 1592 852 The
1664 865 1669 869 .

241 884 423 921 conclusa
441 884 727 930 multiplicant;
757 883 889 920 hostile
914 894 1050 930 aqmen
1071 885 1207 920 terrore
1227 884 1495 930 prosternitur,
1524 864 1714 937 ξίῗὲξᾷξῗῆᾗ

242 951 278 986 et
294 960 409 996 super
421 949 483 987 se4
497 961 577 986 non
596 949 717 986 solum
732 960 846 995 rupes
865 947 1131 995 circumdatas,
1149 947 1219 984 sed
1241 948 1356 985 etiam
1374 949 1501 995 ipsam

241 1015 331 1052 caeli
349 1015 570 1052 machinam
588 1016 894 1060 contremescunt,
922 1013 1236 1061 trepidationique
1257 1014 1414 1051 iniectae
1433 1015 1502 1051 uice

238 1080 408 1127 sufficere
436 1080 581 1127 pedum
605 1080 816 1127 pernicitas
847 1079 1076 1116 credebatur.
1134 1079 1289 1117 Passim
1318 1078 1494 1126 fuqiunt,

238 1157 349 1183 arma
389 1146 594 1193 proiciunt,
635 1145 842 1192 qaudentes
879 1145 942 1181 uel
978 1145 1086 1182 nuda
1123 1156 1279 1192 corpora
1317 1145 1500 1192 eripuisse

238 1211 450 1249 discrimini
464 1224 476 1256 ,·
502 1211 638 1258 plures
665 1211 780 1247 etiam
808 1211 938 1247 timore
958 1211 1184 1257 praecipites
1204 1210 1366 1256 flumen,
1400 1210 1500 1257 quod

237 1277 482 1323 transierant,
506 1276 718 1314 deuorauit.
777 1276 968 1314 Ultionem
986 1288 1098 1314 suam
1118 1277 1299 1314 innocens
1317 1277 1500 1313 effercitus‘

238 1344 412 1389 intuetur,
437 1344 471 1379 et
497 1342 678 1379 uictoriae
707 1353 918 1378 concessae
947 1342 1089 1380 otiosus
1117 1344 1302 1389 spectator
1325 1341 1496 1388 efficitur.

235 1407 366 1455 Spolia
398 1408 630 1455 colliquntur
661 1409 840 1454 exposita,
879 1408 919 1444 et
951 1407 1119 1444 caelestis
1155 1406 1316 1455 palmae
1349 1405 1496 1455 gaudia

235 1473 342 1511 miles
361 1473 558 1520 reliqiosus
575 1471 850 1520 amplectitur.
895 1472 1153 1520 Triumphant
1165 1473 1370 1520 pontifices
1388 1473 1499 1510 hosti-

237 1539 305 1576 bus
321 1538 430 1585 fusis
449 1539 531 1576 sine
550 1539 762 1586 sanquinc;
794 1538 1033 1585 trizmiplzant
1050 1539 1211 1576 uictoria
1231 1539 1312 1585 fide
1332 1539 1493 1585 obtenta,

235 1616 315 1642 non
334 1605 495 1642 uiribus.

292 1669 493 1717 Conposita
507 1670 633 1716 itaque
647 1670 779 1707 ‘insula
793 1669 990 1707 securitate
1008 1669 1220 1716 multiplici,
1237 1670 1498 1716 superatisque

234 1736 404 1774 hostibus
428 1735 490 1773 uel
517 1734 797 1772 inuisibflibus
808 1734 832 1782 ⁵,
855 1735 918 1772 uel
945 1746 1059 1773 carne
1085 1735 1308 1782 conspicuis,
1333 1735 1497 1772 reditum

234 1801 447 1838 moliuntur
464 1798 691 1848 pontifices.
750 1799 908 1847 Quibus
938 1801 1186 1847 tranquillam
1212 1801 1497 1847 nauiqationcm

235 1867 276 1903 et
313 1867 447 1903 merita
477 1866 641 1913 propria
672 1868 707 1903 et
737 1866 954 1904 intercessio
990 1865 1100 1903 beati
1132 1867 1314 1913 maim-is
1345 1864 1496 1902 Albani

226 1934 483 1980 parauerunt,
508 1932 722 1978 quietosque
746 1943 814 1968 eos
839 1943 998 1969 suorum
1023 1931 1217 1969 desideriis
1234 1931 1336 1978 felioc
1360 1931 1496 1968 carina

233 1998 408 2036 restituit.

727 2083 849 2122 CAP.
880 2082 998 2121 XXI.

188 2192 194 2196 .
236 2171 282 2208 Ut,
297 2171 522 2199 renascentibus
537 2171 682 2206 uirqicltis
696 2171 880 2207 Pelaqiunae
894 2172 999 2208 pestis,
1016 2172 1190 2199 Germanus
1208 2179 1279 2200 cum
1293 2172 1401 2199 Seuero
1410 2171 1494 2199 Brit·

43 2359 164 2405 ὠμὴ.
178 2361 210 2390 ii.

43 2407 68 2428 0.
83 2409 102 2429 1.

233 2225 354 2254 taniam
378 2233 528 2259 reuersus,
544 2225 638 2260 prius
658 2225 766 2253 claudo
792 2226 899 2253 iuueni
920 2226 1084 2261 incessum,
1109 2226 1217 2254 deinde
1241 2227 1267 2253 et
1286 2226 1398 2260 populo
1426 2226 1490 2263 Dei,

318 2279 525 2307 condemnatis
539 2279 604 2307 siue
620 2280 786 2308 emendatis
801 2280 963 2317 haereticis,
981 2288 1118 2316 qressum
1134 2280 1317 2315 recuperarit
1325 2279 1412 2314 fidei.

289 2352 377 2390 NEC
400 2352 535 2390 multo
560 2351 803 2402 interposito
828 2354 1013 2402 tempore
1042 2354 1252 2392 nuntiatur
1276 2365 1320 2392 ex
1348 2354 1491 2391 eadem
1516 2365 1721 2431 Rfessalscenee

1516 2412 1533 2431 0
1581 2412 1721 2439 eaglan-

234 2419 365 2457 insula
382 2419 635 2467 Pelaqianam-
653 2420 942 2466 peruersitatem
960 2421 1094 2457 iterato
1112 2420 1254 2467 paucis
1275 2420 1493 2459 auctoribus
1515 2443 1585 2472 ism.

278 2502 290 2519 ¹
313 2504 420 2535 editis
436 2504 554 2535 Const.
666 2503 678 2521 ²
700 2506 763 2536 -cit
782 2505 904 2536 Const.
1006 2505 1018 2523 ³
1039 2505 1219 2536 eleuatum
1237 2505 1273 2536 C.
1285 2505 1314 2536 B
1327 2504 1348 2533 ².
1367 2506 1408 2543 D,
1429 2509 1493 2537 and

236 2557 296 2586 this
311 2557 339 2586 is
353 2559 399 2586 the
414 2558 540 2593 reading]
555 2558 591 2593 of
601 2559 698 2588 Consi.
984 2556 995 2574 4
1018 2560 1053 2588 et
1070 2558 1181 2588 ruisse
1198 2567 1303 2598 super
1319 2567 1354 2588 se
1371 2557 1489 2588 Const.

237 2607 250 2625 ⁵
269 2608 472 2638 uisibilibus
487 2608 533 2639 M.
551 2607 601 2639 13¹.
619 2608 676 2647 H„
694 2608 762 2640 Wl.
