1803 2887
278 159 360 199 172
632 158 683 199 H
684 158 841 200 istoria
870 159 1176 201 Ecelesiccstica
1367 166 1453 208 [Lm.
1474 171 1531 200 111.

277 273 510 311 conculcata
529 273 573 311 in
594 276 746 312 terram
767 276 1036 313 uerterentur.
1074 275 1209 313 Deum
1225 275 1362 324 potius
1377 275 1534 313 intelle-

276 339 458 388 gendum
478 339 691 377 maiestate
710 339 1166 388 inconprehensibilem,
1190 340 1384 378 humanis
1404 341 1532 379 oculis

276 403 541 450 inuisibilem,
574 404 914 453 omnipotentem,
945 407 1171 452 aeternum,
1205 405 1276 454 qui
1305 405 1463 443 caelum
1492 408 1532 444 et

276 471 427 506 terram
449 471 488 506 et
509 469 742 507 humanum
771 483 900 519 genus
929 471 1111 518 creasset,
1143 472 1148 515 Ι
1173 472 1340 519 regeret,
1365 473 1406 508 et
1434 470 1534 508 iudi·
1555 474 1576 502 f.
1593 475 1670 503 6oa-

277 536 440 571 caturus
460 536 567 572 esset
587 535 729 572 orbem
755 535 800 572 in
826 535 1031 583 aequitate
1051 549 1060 583 3
1090 535 1206 573 cuius
1229 536 1345 574 sedes
1369 538 1533 574 aeterna
1556 514 1605 588 ΕΞ,
1621 523 1690 542 xcv.

276 612 360 636 non
388 599 431 636 in
459 599 534 636 uili
559 601 600 637 et
624 600 771 637 caduco
796 600 974 646 metallo,
999 600 1069 637 sed
1098 600 1142 637 in
1172 600 1293 638 caelis
1321 602 1427 638 esset
1456 614 1535 639 cre·

277 665 410 702 denda
430 679 439 711 3
486 664 717 713 meritoque
754 665 1094 713 intellegendum,
1138 665 1233 714 quia
1271 678 1424 712 omneS,
1463 667 1535 714 qui

277 730 534 767 uoluntatem
586 730 683 777 eius,
725 743 748 767 a
795 743 875 779 quo
922 730 1044 768 creati
1091 732 1201 777 sunt,
1243 730 1446 768 discerent
1493 733 1533 769 et

276 795 465 843 facerent,
502 797 666 833 aeterna
698 795 748 832 ab
785 795 858 833 illo
896 795 1077 844 praemia
1116 797 1252 833 essent
1289 796 1529 844 percepturi.

277 860 391 898 Haec
425 862 464 897 et
499 860 737 898 huiusmodi
770 861 903 898 multa
934 874 1028 898 cum
1062 874 1132 898 rex
1167 860 1296 898 Osuiu
1330 860 1416 910 regi
1450 861 1533 910 Sig-

276 925 414 964 bercto
431 925 440 943 ¹
469 926 632 964 amicali
662 929 702 964 et
733 927 848 975 quasi
874 926 1056 964 fraterno
1083 925 1252 964 consilio
1272 939 1390 975 saepe
1410 926 1535 964 incul-

275 992 394 1038 caret,
418 992 588 1029 tandem
614 991 782 1029 iuuante
805 991 1031 1029 amicorum
1052 1004 1252 1029 consensu
1273 990 1454 1037 credidit,
1479 992 1530 1033 et,

275 1057 382 1095 facto
412 1070 506 1094 cum
533 1057 619 1094 suis
649 1057 831 1103 consilio,
857 1070 951 1095 cum
981 1057 1273 1103 exhortatione,
1298 1055 1534 1094 fauentibus

48 1134 244 1179 Baptismof
277 1123 436 1161 cunctis
468 1125 507 1160 et
543 1122 821 1160 adnuentibus
847 1122 953 1171 fidei,
988 1123 1217 1171 baptizatus
1250 1124 1310 1159 est
1349 1135 1443 1159 cum
1477 1121 1535 1159 eis

48 1175 185 1209 ffigb‘m'
276 1203 298 1226 a
327 1189 485 1226 Finano
515 1188 702 1236 episcopo
730 1188 775 1226 in
808 1188 910 1226 uilla
940 1188 1061 1237 regia,
1093 1188 1210 1225 cuius
1244 1201 1364 1237 supra
1395 1187 1533 1225 memi-

277 1254 428 1302 nimus,
468 1256 595 1303 quae²
631 1254 946 1302 cognominatur
977 1254 1045 1291 Ad
1076 1254 1255 1291 Murum.
1314 1254 1389 1291 Est
1423 1253 1534 1290 enim

276 1320 391 1357 iuxta
410 1332 578 1357 murum
594 1320 618 1364 ³,
642 1332 721 1368 quo
751 1319 851 1356 olim
882 1319 1060 1357 Romani
1084 1319 1334 1356 Brittaniam
1354 1318 1534 1356 insulam

276 1385 545 1435 praecinxere,
583 1385 671 1423 XII
703 1385 900 1423 milibus*
934 1398 1132 1434 passuum
1161 1398 1184 1422 a
1213 1384 1318 1422 mari
1346 1383 1534 1422 orientali

277 1453 440 1489 secreta.

331 1517 466 1566 Igitur
485 1530 556 1554 rex
577 1516 783 1566 Sigberct⁵
803 1515 957 1554 aeterni
977 1516 1093 1566 regni
1116 1515 1198 1553 iam
1225 1515 1326 1552 ciuis
1353 1515 1530 1555 effectus,

277 1582 518 1630 temporalis
558 1582 621 1619 sui
669 1582 786 1631 regni
823 1582 963 1619 sedem
1001 1581 1164 1630 repetiit
1178 1581 1201 1629 ⁶,
1239 1580 1452 1630 postulans
1485 1580 1534 1617 ab

278 1648 429 1686 Osuiu⁷
446 1661 548 1697 rege,
569 1649 615 1685 ut
636 1648 794 1696 aliquos
818 1647 897 1685 sibi
918 1648 1102 1685 doctores
1122 1647 1246 1694 daret,
1273 1646 1344 1695 qui
1367 1648 1534 1695 gentem

277 1727 395 1751 suam
421 1714 471 1751 ad
496 1713 621 1750 fidem
651 1713 805 1750 Christi
835 1714 1132 1759 conuerterent,
1158 1725 1201 1749 ac
1226 1712 1340 1749 fonte
1367 1711 1536 1749 salutari

51 1791 185 1818 Mission
276 1778 500 1817 abluerent.
561 1779 619 1816 At
648 1778 720 1816 ille
749 1778 921 1816 mittens
945 1778 995 1815 ad
1019 1777 1273 1826 prouinciam
1306 1776 1537 1814 Mediterra-

49 1831 211 1897 ΞΕἙΊᾞᾟΙ
278 1857 452 1882 neorum
471 1843 708 1893 Anglorum
739 1843 931 1881 clamauit
951 1843 1002 1881 ad
1024 1856 1066 1881 se
1086 1843 1225 1880 uirum
1252 1842 1328 1880 Dei
1350 1841 1471 1890 Cedd,
1497 1842 1535 1878 et

50 1908 86 1935 0f
97 1909 191 1937 Cedrl.
280 1910 374 1947 dato
406 1910 469 1947 illi
499 1910 606 1947 socio
634 1910 762 1947 altero
792 1909 970 1958 quodam
999 1908 1249 1957 presbytero,
1274 1908 1389 1945 misit
1423 1920 1536 1956 prae-

280 1975 411 2013 dicare
427 1975 601 2013 uerbum
623 1975 737 2025 genti
758 1975 1031 2013 Orientalium
1053 1974 1274 2011 Saxonum.
1336 1973 1421 2011 Ubi
1441 1986 1536 2010 cum

280 2041 420 2078 omnia
439 2041 773 2090 perambulantes
803 2041 979 2078 multam
1008 2039 1189 2077 Domino
1209 2039 1421 2076 ecclesiam
1442 2052 1536 2076 con-

280 2108 525 2156 gregassent,
560 2106 731 2156 contigit
765 2108 950 2155 tempore
984 2105 1190 2155 quodam*
1220 2105 1397 2142 eundem
1426 2104 1536 2142 Cedd

281 2172 413 2210 redire
443 2173 625 2219 domum,
659 2185 704 2209 ac
732 2171 949 2220 peruenire
975 2171 1025 2208 ad
1053 2170 1265 2208 ecclesiam
1290 2169 1538 2207 Lindisfaro-

281 2238 475 2275 nensem⁹
490 2239 657 2286 propter
677 2237 942 2286 conloquium
958 2236 1107 2274 Finani
1127 2235 1317 2284 episcopi.
1362 2235 1442 2282 Qui
1463 2235 1535 2272 ubi

280 2305 565 2352 prosperatum
604 2302 642 2340 ei
680 2316 782 2351 opus
825 2301 1027 2351 euangelii
1066 2301 1262 2350 conperit,
1305 2300 1403 2338 fecit
1441 2313 1537 2338 eum

282 2369 519 2418 episcopum
548 2369 592 2406 in
625 2370 791 2417 gentem
825 2367 1099 2406 Orientalium
1130 2367 1348 2414 Saxonum,
1385 2365 1537 2404 uocatis

326 2477 334 2495 ¹
361 2478 521 2508 -berchto
535 2477 559 2508 C
575 2488 582 2514 3
599 2477 750 2507 -berecto
765 2477 807 2507 N.
853 2475 865 2492 ²
887 2477 949 2515 qui
963 2475 1059 2506 MSS.
1095 2474 1106 2491 ³
1122 2476 1175 2505 est
1194 2499 1200 2506 .
1219 2499 1226 2505 .
1245 2499 1252 2505 .
1269 2484 1412 2504 murum
1424 2484 1483 2504 om.
1495 2474 1536 2504 B.

281 2529 292 2546 ⁴
317 2530 418 2560 milia
435 2529 472 2560 C.
562 2529 574 2545 ⁵
599 2529 716 2559 -berht
735 2529 759 2559 C
775 2540 782 2566 3
805 2529 936 2559 -berect
952 2529 995 2558 N.
1062 2526 1073 2543 ὅ
1096 2528 1201 2566 petiit
1219 2527 1266 2557 M.
1282 2531 1313 2557 at
1330 2529 1495 2564 beqimzinq
1510 2527 1545 2562 os

281 2594 300 2613 α
318 2585 389 2613 line.
479 2579 490 2596 ⁷
513 2582 610 2612 osuio
627 2581 668 2612 N.
687 2581 736 2612 ΟΞ.
754 2581 805 2611 ΒἸ.
899 2580 910 2596 ⁸
935 2580 1089 2619 quadam
1106 2579 1152 2610 M.
1231 2578 1242 2595 ⁹
1266 2579 1482 2609 -farnensem
1500 2578 1537 2608 C.
