1803 2887
314 168 399 208 224
660 167 868 209 Historia
898 167 1204 209 Evelesiasticco
1408 173 1492 215 [Lm.
1512 175 1568 208 IV.

314 295 392 331 pus
405 295 498 320 suae
511 282 885 332 transmigrationis
901 280 1152 332 proximum¹
1169 282 1361 320 nuntiare
1374 281 1564 319 uenisset.

316 347 423 385 Nam
453 350 493 385 et
521 349 589 395 ita,
623 350 669 386 ut
699 335 874 397 rogabat,
906 350 1110 386 transacta
1138 361 1220 385 una
1249 348 1313 385 die
1343 349 1383 385 et
1397 348 1409 367 2
1438 347 1566 393 nocte,

317 412 452 450 soluta
471 413 603 451 carnis
624 413 747 451 simul
764 415 804 451 et
824 413 1079 451 infirmitatis
1094 412 1270 451 uinculis
1290 413 1340 450 ad
1360 414 1547 450 aeternae
1560 410 1572 430 ³

317 478 464 526 gaudia
484 478 628 516 salutis
648 479 830 517 intrauit.

844 629 964 668 CAP.
1000 629 1050 668 X.

389 743 426 771 Ut
441 742 482 771 ad
498 742 688 777 cymiterium
704 742 838 771 eiusdem
854 743 1031 771 monasterii
1046 751 1139 771 orans
1154 751 1239 771 caeca
1255 743 1349 770 lucem
1364 742 1508 777 receperit.

90 839 234 883 Pru-ther
373 830 593 868 Succssssrr
624 832 763 868 autem
792 829 1061 879 Aedilburgi‘*
1092 830 1135 867 in
1167 829 1322 868 offici0⁵
1351 829 1575 867 abbatissae

90 879 248 907 m1raoles.
319 895 467 933 deuota
487 895 573 933 Deo
593 895 758 943 famula,
780 896 946 933 nomine
963 895 1139 933 Hildilid
1152 896 1174 943 ⁶,
1194 895 1419 944 multisque
1439 895 1571 942 annis,

317 960 358 998 id
376 962 437 998 est
458 974 586 1010 usque
607 961 657 998 ad
679 961 870 998 ultimam
887 962 1152 1008 senectutem,
1170 961 1303 998 eidem
1324 959 1574 998 monasterio

319 1026 615 1074 strenuissime,
640 1027 706 1064 et⁷
735 1028 780 1064 in
809 1026 1070 1064 obseruantia
1100 1026 1336 1075 disciplinae
1365 1025 1571 1075 regularis,

319 1093 359 1129 et
374 1092 418 1128 in
434 1105 585 1139 earum,
603 1105 705 1140 quae
721 1092 769 1129 ad
791 1105 1031 1130 communes
1046 1105 1144 1129 usus
1159 1092 1377 1140 pertinent,
1409 1092 1413 1142 Ι
1439 1105 1577 1129 rerum
1600 1099 1621 1127 f.
1640 1109 1673 1136 79
1687 1108 1715 1128 a.

319 1157 580 1206 prouidentia
600 1157 787 1205 praefuit.
833 1158 907 1196 Cui
928 1171 1022 1194 cum
1042 1160 1209 1206 propter
1229 1159 1462 1206 angustiam
1483 1157 1573 1204 loci,

320 1222 364 1260 in
399 1236 478 1272 quo
518 1223 814 1260 monasterium
849 1224 1130 1260 constructum
1164 1224 1234 1270 est,
1270 1223 1498 1272 placuisset,
1531 1224 1579 1260 ut

321 1298 411 1323 ossa
444 1285 695 1322 famulorum
728 1285 1057 1334 famularumque
1090 1285 1253 1333 Christi,
1289 1298 1390 1334 quae
1424 1285 1578 1323 ibidem

321 1350 484 1388 fuerant
510 1351 724 1397 tumulata,
754 1351 1006 1398 tollerentur,
1032 1351 1073 1388 et
1097 1350 1416 1388 transferrentur
1440 1350 1579 1388 omnia

321 1416 365 1453 in
387 1416 596 1454 ecclesiam
616 1417 757 1454 beatae
776 1416 853 1454 Dei
874 1416 1102 1465 genetricis,
1123 1429 1286 1465 unoque
1307 1416 1580 1453 conderentur

322 1481 366 1518 in
396 1481 510 1529 loco3
541 1482 700 1530 quoties
729 1480 786 1518 ibi
816 1481 976 1518 claritas
1005 1481 1176 1518 luminis
1206 1480 1400 1528 caelestis,
1427 1482 1580 1530 quanta

323 1558 440 1595 saepe
470 1546 684 1595 flagrantia
713 1546 890 1584 mirandi
920 1546 1152 1595 apparuerit
1189 1546 1334 1594 odoris,
1370 1560 1471 1595 quae
1502 1546 1581 1584 alia

268 1600 271 1603 ¹
322 1612 406 1649 sint
433 1612 549 1661 signa
570 1614 741 1659 ostensa,
767 1611 917 1660 inipso
938 1612 1054 1659 libro,
1080 1612 1129 1650 de
1151 1626 1230 1661 quo
1260 1612 1358 1649 haec
1385 1611 1580 1661 excerpsi-

322 1691 427 1725 mus,
453 1678 625 1726 quisque
645 1677 797 1726 legerit,
823 1677 1019 1715 inueniet.

378 1743 484 1781 Sane
509 1743 746 1780 nullatenus
768 1743 1112 1791 praetereundum
1133 1743 1309 1781 arbitror
1334 1742 1580 1780 miraculum

323 1809 519 1856 sanitatis,
545 1809 652 1857 quod
678 1809 728 1846 ad
756 1808 892 1857 ipsum
920 1808 1182 1857 cymiterium
1204 1809 1290 1846 Deo
1312 1809 1464 1846 dicatae
1493 1821 1582 1846 con-

322 1874 572 1923 gregationis
600 1874 753 1912 factum
780 1874 891 1911 idem
918 1874 1083 1911 libellus
1111 1874 1243 1912 refert.
1306 1874 1404 1912 Erat
1431 1873 1582 1923 quippe

322 1940 365 1977 in
387 1940 572 1988 proximo
594 1952 728 1977 comes
749 1939 928 1988 quidam,
953 1939 1067 1977 cuius
1088 1953 1191 1977 uxor
1216 1940 1434 1989 ingruente
1454 1938 1582 1977 oculis

323 2005 497 2054 caligine
524 2005 658 2042 subita
673 2005 695 2052 ³,
719 2006 885 2042 tantum
915 2018 987 2054 per
1015 2005 1100 2042 dies
1128 2005 1270 2042 eadem
1297 2005 1486 2042 molestia
1505 2017 1584 2042 cre-

323 2071 535 2108 brescente
564 2072 729 2119 grauata
758 2072 829 2116 est,
855 2071 900 2107 ut
930 2084 981 2108 ne
1010 2070 1253 2107 minimam⁹
1280 2070 1448 2119 quidem
1477 2069 1581 2108 lucis

323 2137 494 2174 alicuius
515 2137 651 2184 posset
666 2136 907 2185 particulam
924 2136 1073 2174 uidere.
1122 2135 1208 2183 Cui,
1226 2136 1325 2173 dum
1342 2135 1578 2184 aliquandiu

324 2202 529 2239 caecitatis
549 2201 674 2239 huius
693 2204 811 2239 nocte
831 2201 967 2239 clausa
991 2203 1187 2248 maneret,
1212 2203 1379 2250 repente
1399 2201 1516 2239 uenit
1535 2202 1579 2239 in

325 2268 520 2311 mentem,
555 2267 660 2315 quia,
698 2267 732 2304 si
771 2267 820 2304 ad
860 2268 1157 2304 monasterium
1198 2267 1333 2304 delata
1371 2267 1579 2315 uirginum

326 2332 698 2379 sanctimonalium,
733 2333 783 2370 ad
812 2332 1002 2381 reliquias
1031 2333 1263 2370 sanctorum
1299 2334 1464 2381 peteret,
1497 2345 1582 2381 per-

326 2398 455 2435 ditam
484 2400 619 2446 posset
649 2397 825 2446 recipere
855 2398 999 2436 lucem.
1062 2397 1146 2434 Nec
1171 2397 1342 2445 distulit,
1367 2398 1468 2447 quin
1495 2410 1584 2435 con-

368 2480 378 2497 ¹
402 2482 440 2511 in
457 2482 659 2520 proximum
677 2481 723 2512 M.
812 2480 823 2498 2
847 2492 885 2512 ae
904 2481 949 2512 M.
967 2481 1023 2520 (⁶3).
1112 2481 1124 2497 ³
1147 2491 1207 2512 -na
1225 2481 1262 2513 C.
1279 2480 1334 2513 Nl.
1415 2481 1426 2499 ⁴
1450 2492 1504 2521 -ge
1521 2480 1564 2511 13²
1580 2496 1588 2524 3

324 2533 543 2572 aebilburgae
561 2533 598 2564 C.
902 2534 914 2551 ⁵
937 2534 1045 2563 -cium
1065 2533 1101 2564 C.
1118 2534 1161 2565 N.
1260 2532 1271 2550 ⁶
1294 2534 1356 2565 -lio
1370 2533 1436 2572 N1;
1459 2534 1516 2564 -lit
1533 2533 1589 2566 N2.

323 2583 335 2602 ⁷
360 2587 393 2616 et
411 2596 469 2617 om.
484 2585 530 2616 M.
619 2585 629 2601 ⁸
652 2586 702 2615 -to
715 2584 817 2617 0132.
906 2585 917 2603 ⁹
940 2595 1053 2616 -mum
1070 2585 1116 2617 M.
