1803 2887
41 1513 60 1542 f.
81 1523 123 1540 112
139 1522 166 1542 a.

235 165 314 196 CAP.
332 161 421 202 XV.]
636 152 787 196 Gentis
817 151 1088 207 Awylorum.
1406 151 1487 191 315

235 269 544 307 damnationem
574 268 725 306 diaboli
755 269 794 306 et
823 266 1058 316 sequacium
1088 265 1202 313 eius;
1231 264 1338 303 uidit
1365 265 1490 303 etiam

235 346 356 371 suum
387 333 533 372 infelix
566 333 675 370 inter
712 332 813 370 tales
847 344 1057 378 carcerem,
1095 344 1176 380 quo
1214 329 1490 367 miserabilius

234 398 321 448 ipse
345 399 553 448 desperata
576 398 707 436 salute
730 397 890 446 periret,
915 397 986 434 sed
1012 395 1265 443 uiuentibus,
1293 394 1364 443 qui
1390 394 1488 431 haec

233 464 533 514 cognouissent,
554 477 717 501 causam
733 462 876 500 salutis
893 475 965 499 sua
980 460 1210 510 perditione
1225 459 1484 508 relinqueret.

233 529 403 567 Factum
430 531 490 567 est
516 529 593 566 hoc
623 541 754 577 nuper
782 528 826 565 in
854 526 1066 577 prouincia
1093 525 1407 571 Berniciorum3
1446 537 1489 561 ac

232 594 354 644 longe
382 595 544 644 lateque
571 594 839 639 diffamatum,
864 592 1019 630 multos
1043 592 1092 629 ad
1116 591 1317 640 agendam
1341 592 1381 628 et
1405 603 1489 627 non

233 659 503 698 differendam
517 659 716 697 scelerum
730 671 897 696 suorum
913 656 1222 706 paenitudinem
1238 654 1484 704 prouocauit.

233 725 351 773 Quod
378 725 538 763 utinam
578 724 727 762 exhinc
756 723 881 762 etiam
912 724 1146 760 nostrarum
1175 721 1350 759 lectione
1382 720 1487 758 litte-

232 803 369 829 rarum
389 790 460 829 fiat
476 791 484 829 Σ

739 941 859 981 ΟΑΡ.
893 940 984 980 XV.

236 1044 263 1071 U
264 1045 273 1071 t
282 1043 439 1078 plurimae
463 1044 627 1072 Scottorum
651 1043 795 1080 ecclesiae,
816 1043 946 1071 instante
962 1042 1164 1077 Adanmano,
1180 1041 1359 1069 csdholz'cum
1371 1041 1489 1075 pascha

354 1089 562 1124 susceperint,-
585 1089 676 1123 utque
687 1084 695 1100 ¹
712 1088 792 1116 idem
808 1087 920 1115 librum
937 1087 971 1114 cle
986 1086 1056 1113 locis
1071 1086 1187 1114 sanctis
1202 1086 1367 1120 scrip-seru.

288 1175 379 1223 QUO
402 1177 587 1224 tempore
610 1174 789 1224 plurima
812 1187 905 1223 pars
935 1174 1171 1211 Scottorum
1198 1172 1242 1210 in
1270 1172 1486 1220 Hibernia,
1516 1184 1610 1212 some
1626 1184 1661 1211 of

232 1242 272 1278 et
292 1240 492 1278 nonnulla
513 1240 637 1278 etiam
658 1240 707 1277 de
727 1239 998 1278 Brettonibus
1018 1239 1063 1276 in
1084 1238 1300 1285 Brittania,
1320 1238 1490 1276 rationa-
1515 1223 1720 1291 &agl-istium

231 1306 314 1344 bile
348 1308 388 1344 et
422 1306 740 1344 ecclesiasticum
780 1305 985 1354 paschalis
1015 1304 1298 1342 obseruantiae
1327 1306 1492 1352 tempus
1516 1304 1615 1337 adOPt
1630 1302 1686 1329 ὢν

232 1371 412 1409 Domino
440 1372 618 1409 donante
645 1371 832 1420 suscepit.
893 1370 1107 1419 Siquidem
1127 1370 1361 1415 Adamnan,
1385 1383 1492 1418 pres·
1516 1342 1675 1409 (131ξέἶέιέολ

232 1437 352 1487 byter
372 1439 411 1475 et
431 1437 553 1475 abbas
576 1437 884 1484 monachorum,
911 1436 979 1485 qui
1004 1437 1120 1473 erant
1143 1435 1188 1472 in
1215 1434 1352 1472 insula
1372 1435 1446 1472 Hii
1463 1435 1486 1481 ²2,

232 1516 325 1541 cum
346 1503 560 1553 legationis
585 1502 589 1553 l
615 1503 746 1552 gratia
765 1502 916 1540 missus
942 1514 965 1539 a
990 1514 1063 1538 sua
1082 1503 1215 1549 gente,
1239 1500 1421 1538 uenisset
1441 1501 1490 1538 ad

232 1568 484 1616 Aldfridum,
520 1582 659 1617 regem
702 1567 946 1617 Anglorum,
997 1568 1037 1604 et
1078 1566 1316 1615 aliquandiu
1358 1566 1402 1603 in
1447 1579 1492 1603 ea

231 1634 444 1683 prouincia
478 1636 661 1672 moratus
692 1633 852 1671 uideret
882 1633 987 1670 ritus
1021 1631 1213 1670 ecclesiae
1247 1632 1490 1679 canonicos;

232 1700 302 1738 sed
323 1702 363 1738 et
383 1713 406 1738 a
424 1700 610 1749 pluribus
624 1700 646 1747 ²³,
672 1699 743 1749 qui
770 1700 885 1737 erant
911 1698 1162 1745 eruditiores,
1187 1699 1294 1736 esset
1319 1698 1491 1736 solerter
1518 1708 1652 1736 Mission
1667 1709 1702 1735 01*

232 1765 480 1812 admonitus,
506 1779 557 1803 ne
581 1767 720 1803 contra
739 1764 1015 1803 uniuersalem
1035 1764 1225 1801 ecclesiae
1244 1777 1403 1801 morem
1424 1763 1492 1801 uel
1516 1748 1693 1814 ssdssffissff

233 1830 278 1868 in
295 1831 557 1869 obseruantia
572 1831 763 1880 paschali,
784 1830 852 1868 uel
872 1830 916 1867 in
936 1829 1026 1867 aliis
1043 1829 1272 1878 quibusque
1293 1829 1490 1867 decretis*
1517 1827 1654 1855 umbria.

234 1910 328 1934 cum
361 1897 445 1934 suis
474 1896 733 1946 paucissimis
765 1898 805 1934 et
838 1896 884 1934 in
917 1895 1126 1933 extremo5
1159 1894 1307 1932 mundi
1341 1895 1491 1944 angulo

232 1962 376 2011 positis
396 1962 537 2000 uiuere
563 1962 851 2011 praesumeret,
875 1963 1062 1999 mutatus
1088 1962 1228 1998 mente
1251 1962 1339 2007 est;
1369 1960 1425 1998 ita
1446 1962 1491 1998 ut

234 2040 289 2075 ea,
326 2041 427 2077 quae
463 2028 622 2066 uiderat
658 2029 698 2065 et
732 2027 916 2066 audierat
947 2026 991 2064 in
1026 2025 1207 2064 ecclesiis
1239 2026 1487 2075 Anglorum,

233 2106 329 2131 suae
356 2107 606 2143 suorumque
636 2092 925 2131 consuetudini
953 2091 1226 2129 libentissime
1255 2092 1486 2140 praeferret.

232 2159 332 2197 Erat
362 2159 473 2197 enim
505 2159 569 2197 uir
605 2159 749 2207 bonus,
783 2160 823 2197 et
848 2158 1019 2208 sapienS,
1052 2159 1093 2195 et
1123 2157 1293 2195 scientia
1321 2157 1491 2206 scriptu-

232 2237 370 2262 rarinn
390 2225 645 2263 nobilissime
665 2225 904 2262 instructus.

287 2290 368 2338 Qui
396 2304 491 2328 cum
525 2291 696 2328 domum
727 2290 909 2337 redisset,
946 2289 1100 2327 curauit
1133 2302 1239 2337 suos,
1273 2289 1344 2338 qui
1373 2291 1489 2327 erant

232 2354 275 2392 in
297 2355 382 2404 Hii,
409 2355 531 2404 quiue
552 2356 686 2393 eidem
708 2357 824 2393 erant
850 2354 1007 2393 subditi
1025 2354 1284 2402 monasterio,
1308 2355 1358 2392 ad
1378 2367 1485 2402 eum,

236 2433 359 2469 quem
389 2423 645 2471 cognouerat,
671 2434 877 2472 quemque
902 2420 988 2471 ipse
1015 2422 1103 2459 toto
1133 2434 1182 2459 ex
1208 2421 1326 2459 corde
1355 2433 1489 2458 susce-

276 2528 287 2545 ¹
310 2530 414 2568 atque
431 2529 469 2561 C.
610 2528 622 2546 ²
644 2530 684 2561 hi
700 2530 755 2562 N1.
888 2528 899 2546 ²³
922 2530 1089 2571 plurimis
1106 2529 1164 2561 M1.
1315 2528 1326 2547 ¹
1351 2530 1426 2560 -tiis
1443 2529 1489 2560 M.

233 2583 245 2600 ⁵
268 2584 419 2614 extrimo
435 2584 483 2616 M.
