1803 2887
50 1664 71 1690 f.
90 1673 127 1700 90
142 1664 169 1691 b.

202 175 278 206 CAP.
294 175 371 205 XXI
386 172 560 215 [XX111].]
613 165 764 208 Gentis
794 166 1064 222 Anylorum.
1376 169 1458 208 257

257 282 343 330 Qua
380 282 569 320 uidelicet
602 285 721 320 nocte
759 282 964 320 Dominus
1002 283 1265 332 omnipotens
1299 284 1459 322 obitum

201 347 330 396 ipsius
364 347 408 385 in
447 348 528 385 alio
567 347 731 398 longius
767 348 900 397 posito
934 348 1194 395 monasterio,
1233 349 1339 397 quod
1374 349 1461 397 ipsa

203 413 347 451 eodem
387 426 495 450 anno
542 415 834 460 construxerat,
879 415 919 451 et
957 413 1190 463 appellatur
1231 414 1422 451 Hacanos
1436 413 1457 461 ¹,

204 478 423 515 manifesta
449 478 608 516 uisione
630 478 813 516 reuelare
839 478 1030 528 dignatus
1054 481 1126 516 est.
1184 479 1284 517 Erat
1307 479 1350 516 in
1372 480 1462 528 ipso

203 544 451 581 monasterio
484 544 682 592 quaedam
722 543 1047 581 sanctimonialis
1084 543 1250 592 femina,
1294 545 1463 582 nomine

204 609 320 658 Begu
337 610 359 655 ²,
385 622 488 658 quae
505 609 628 646 XXX
649 610 688 646 et
708 609 887 657 amplius
902 622 1032 647 annos
1053 609 1237 648 dedicata
1253 610 1265 629 ³
1282 610 1462 648 Domino

203 673 453 723 uirginitate,
504 673 547 710 in
595 674 832 711 monachica
889 675 1199 713 conuersatione
1246 675 1460 714 seruiebat.

205 739 318 776 Haec
355 741 454 776 tunc
491 739 535 776 in
574 739 812 777 dormitorio
850 753 1037 777 sororum
1076 754 1264 789 pausans,
1303 741 1462 779 audiuit

204 804 340 843 subito
370 805 413 842 in
442 817 532 842 aere
561 806 707 842 notum
741 818 960 854 campanae
990 819 1151 853 sonum,
1186 820 1267 855 quo
1298 807 1348 844 ad
1381 820 1463 844 ora-

201 869 335 907 tiones
359 870 524 907 excitari
546 870 612 907 uel
633 870 844 907 conuocari
867 871 1064 918 solebant,
1089 885 1183 909 cum
1204 872 1296 920 quis
1320 886 1462 910 eorum

202 935 252 972 de
280 935 438 972 saeculo
468 934 613 972 fuisset
643 937 862 983 euocatus;
891 937 1133 985 apertisque,
1169 939 1215 974 ut
1243 937 1321 974 sibi
1350 937 1462 974 uide-

201 999 333 1048 batur,
366 1000 503 1048 oculis,
536 1002 702 1050 aspexit,
737 1002 895 1039 detecto
925 1002 1072 1039 domus
1101 1002 1293 1048 culmine,
1327 1003 1460 1040 fusam

201 1065 374 1115 desuper
406 1066 570 1104 lucem⁴
609 1067 749 1105 omnia
777 1067 1026 1116 1·epleuisse;
1057 1068 1122 1105 cui
1152 1068 1345 1105 uidelicet
1380 1068 1462 1105 luci

203 1132 303 1170 dum
328 1133 504 1170 sollicita
532 1133 777 1181 intenderet,
803 1134 909 1171 uidit
939 1134 1121 1171 animam
1152 1133 1357 1182 praefatae
1387 1133 1462 1171 Dei

203 1197 381 1235 famulae
430 1198 474 1235 in
512 1198 600 1248 ipsa
646 1199 745 1245 luce,
792 1199 1085 1237 comitantibus
1125 1212 1169 1236 ac
1217 1199 1464 1236 ducentibus

205 1263 372 1312 angelis,
415 1264 464 1302 ad
513 1264 671 1302 caelum
710 1264 819 1302 ferri.
881 1265 1070 1313 Cumque
1114 1278 1259 1302 somno
1298 1277 1466 1302 excussa

206 1329 394 1367 uideret⁵
423 1331 577 1367 ceteras
605 1332 823 1378 pausantes
855 1330 958 1367 circa
987 1343 1030 1367 se
1057 1343 1227 1378 sorores,
1258 1330 1467 1367 intellexit

207 1394 273 1432 uel
304 1395 348 1432 in
383 1395 555 1434 somnio.
588 1395 655 1433 uel
688 1396 732 1432 in
766 1395 927 1433 uisione
958 1395 1112 1433 mentis
1143 1398 1357 1433 ostensum
1388 1396 1466 1433 sibi

207 1473 304 1507 esse,
357 1461 464 1509 quod
513 1460 685 1498 uiderat.
762 1461 997 1510 Statimque
1049 1474 1284 1510 exsurgens,
1336 1461 1466 1498 nimio

206 1525 355 1564 timore
394 1526 620 1575 perterrita,
660 1527 838 1564 cucurrit
872 1527 922 1564 ad
961 1527 1180 1576 uirginem,
1224 1540 1329 1575 quae
1367 1529 1465 1564 tunc

207 1592 456 1630 monasterio
488 1592 716 1630 abbatissae
750 1592 840 1630 uice
871 1593 1059 1641 praefuit,
1097 1592 1162 1630 cui
1194 1606 1344 1630 nomen
1382 1594 1467 1630 erat

207 1657 399 1707 Frigydz
442 1658 625 1707 fletuque
663 1671 706 1695 ac
745 1658 922 1696 lacrimis
961 1659 1144 1695 multum
1190 1658 1362 1707 perfusa,
1394 1657 1397 1707 Ι
1424 1671 1468 1696 ac

207 1723 381 1772 suspiria
428 1723 549 1772 longa
595 1723 775 1770 trahens,
819 1723 1030 1761 nuntiauit
1077 1725 1251 1761 matrem
1299 1723 1467 1761 illarum

207 1789 395 1826 omnium
426 1789 556 1826 Hild⁷
590 1789 839 1826 abbatissam
868 1789 951 1826 iam
985 1789 1181 1838 migrasse
1210 1790 1260 1827 de
1293 1789 1463 1831 saeculo,

207 1857 247 1892 et
276 1867 319 1892 se
352 1856 585 1903 aspectante
615 1867 709 1892 cum
738 1855 828 1892 luce
860 1854 1059 1901 inmensa,
1094 1855 1266 1893 ducibus
1297 1855 1464 1904 angelis,

205 1920 255 1958 ad
293 1922 480 1958 aeternae
526 1919 671 1958 limina
713 1920 818 1957 lucis
866 1922 905 1957 et
954 1934 1226 1969 supernorum
1266 1921 1469 1958 consortia

208 1985 362 2024 ciuium
383 1985 624 2023 ascendisse.
688 1985 803 2033 Quod
827 1999 921 2023 cum
943 1986 1015 2024 illa
1037 1986 1230 2031 audisset,
1255 1986 1469 2024 suscitauit

208 2053 373 2089 cunctas
395 2064 560 2099 sororeS,
585 2053 626 2088 et
646 2051 689 2088 in
711 2051 924 2089 ecclesiam
946 2054 1191 2089 conuocatas
1216 2051 1470 2089 orationibus

207 2131 251 2155 ac
285 2117 455 2166 psalmis
493 2130 565 2166 pro
603 2117 741 2154 anima
775 2117 918 2155 matris
958 2130 1122 2166 operam
1162 2118 1258 2155 dare
1290 2118 1464 2156 monuit.

209 2183 325 2231 Quod
353 2196 446 2220 cum
475 2183 640 2220 residuo
668 2183 800 2220 noctis
830 2185 1015 2232 tempore
1045 2183 1265 2232 diligenter
1287 2186 1465 2232 agerent,

209 2249 413 2286 uenerunt
456 2248 592 2297 primo
641 2248 822 2287 diluculo
866 2249 1023 2294 fratreS,
1067 2249 1139 2298 qui
1178 2248 1267 2286 eius
1309 2248 1469 2286 obitum

209 2314 458 2361 nuntiarent,
497 2327 520 2351 a
558 2314 656 2362 loco,
701 2314 795 2351 ubi8
834 2314 1027 2352 defuncta
1066 2316 1139 2353 est.
1201 2315 1260 2352 At
1289 2314 1385 2352 illae
1416 2327 1471 2351 re-

209 2380 458 2429 spondentes
492 2379 686 2418 dixerunt
717 2393 759 2417 se
793 2379 908 2429 prius
937 2380 1079 2418 eadem
1113 2379 1382 2430 cognouisse;
1415 2382 1465 2425 et,

252 2475 262 2492 ¹
286 2478 437 2508 haconos
455 2478 492 2509 C.
624 2476 636 2494 ²
659 2479 757 2518 begio
776 2477 832 2510 B2.
965 2478 976 2495 3
1000 2479 1117 2509 dicata
1130 2479 1170 2510 N.
1295 2478 1306 2495 ⁴
1328 2479 1405 2510 luce
1423 2480 1467 2510 M.

208 2528 221 2546 ⁵
243 2529 338 2559 uidit
355 2529 392 2560 C.
505 2528 516 2545 ⁶
539 2530 617 2569 -gyb
637 2530 661 2561 C
680 2541 687 2568 3
712 2531 786 2570 -gid
804 2531 846 2562 N.
957 2529 969 2548 ⁷
993 2531 1200 2561 hildrudam
1218 2529 1272 2562 N2.
1374 2533 1385 2549 ⁸
1408 2532 1471 2562 ubi

212 2584 311 2612 added
327 2592 363 2611 <m
380 2584 501 2619 maryin
517 2582 563 2612 M.

831 2652 850 2677 S

1485 291 1614 318 Visions

1485 330 1665 358 connected

1485 369 1567 396 with
1583 369 1642 396 her

1486 409 1595 436 death.
