1788 2928
275 170 428 213 clxxvi
641 170 872 213 Historiae
901 171 1228 214 Ecclesiasticae

274 268 336 288 FAP.

274 308 332 336 IX.
356 307 444 340 Quae
454 307 520 335 sint
532 308 661 335 ostensa
672 308 808 336 caelitus
820 308 1001 344 signa‚cum
1013 311 1045 337 et
1055 308 1125 344 ipsa
1133 311 1241 338 mater
1247 310 1507 345 congregationis

390 347 480 374 illius
494 356 511 374 e
526 347 650 374 mundo
663 348 820 375 transiret
868 369 874 375 .

274 398 312 425 X.
337 398 383 425 Ut
397 398 439 425 ad
454 397 663 431 cymiterium
682 397 829 425 eiusdem
850 398 1043 426 monasterii
1066 407 1163 427 orans
1184 408 1281 427 caeca
1301 399 1408 428 lucem
1422 409 1508 429 rece-

390 436 475 471 perit
506 458 513 464 .

273 487 330 515 XI.
354 488 398 515 Ut
412 495 469 514 rex
483 487 629 553 efiiusdem
644 486 834 521 prouinciae
849 488 945 516 Sebbi
960 489 995 515 in
1009 488 1204 517 monachica
1215 489 1321 516 uitam
1336 498 1507 518 conuersa-

389 526 479 554 tione
518 526 618 553 nierit

272 577 347 604 XII.
372 577 416 604 Ut
428 577 649 611 episcopatum
662 576 922 605 Occidentaljum
936 579 1099 606 Saxonum
1110 587 1168 613 pro
1180 578 1356 606 Leutherio
1367 579 1505 614 Haeddi,

389 616 613 650 episcopatum
628 616 798 644 Hrofensis
817 617 972 645 ecclesiae
990 627 1049 651 pro
1072 618 1172 645 Putta
1193 618 1372 653 Cuichelm,
1394 620 1426 645 et
1447 627 1506 653 pro

388 655 457 690 ipso
486 655 655 682 Grefmund.
682 655 864 691 acoeperit3
899 658 932 684 et
960 656 1016 691 qui
1043 659 1125 685 tunc
1152 657 1506 692 Nordanhymbrorum

388 694 515 722 fuerint
530 694 672 729 episcopi

271 745 365 773 XIII.
390 745 435 773 Ut
460 744 582 772 Uilfrid
607 745 774 780 episcopus
799 746 1005 780 prouinciam
1033 746 1240 774 Australium
1268 747 1435 774 Saxonum
1462 747 1505 775 ad

389 784 558 812 Christum
573 785 774 812 conuerterit
786 783 795 800 ¹

270 835 368 869 [XIV.
392 835 437 863 Ut
450 834 686 863 intercessione
703 835 837 863 Osualdi
852 835 937 871 regis
951 836 1107 870 pestifera
1114 836 1300 864 mortalitas
1311 836 1354 864 sit
1365 836 1507 872 sublata]

270 886 349 919 [XV.
372 886 418 913 Ut
451 885 628 913 Caedualla
660 894 718 913 rex
752 886 972 921 Geuissorum,
996 886 1169 914 interfecto
1196 895 1271 921 rege
1298 886 1502 923 Aedilualch‚

1532 273 1598 294 PAG.

1498 371 1504 378 .
1548 360 1594 378 221

1493 461 1500 468 .
1544 449 1597 475 2²4

1498 551 1504 558 .
1547 538 1597 564 225

1495 718 1502 724 .
1546 706 1596 732 2²7

1495 807 1502 814 .
1545 795 1598 821 ²30

1546 846 1596 871 232

386 924 592 960 prouinciam
606 925 699 952 illam
714 934 812 953 saeua
826 926 922 953 caede
938 934 976 953 ac
991 926 1242 960 depopulatione
1256 926 1435 962 attriuerit]
1545 928 1597 961 236

270 976 348 1004 XIV
368 976 477 1010 [XVIJ.
501 976 546 1003 Ut
570 976 673 1003 Uecta
694 976 805 1004 insula
829 975 1027 1004 christianos
1047 976 1173 1004 incolas
1198 976 1385 1011 susceperit,
1410 976 1504 1005 cuius

390 1015 472 1050 regii
487 1015 551 1042 duo
564 1015 658 1049 pueri
671 1015 786 1043 statim
799 1017 871 1050 post
885 1018 1057 1050 acceptum
1071 1015 1236 1051 baptisma
1249 1015 1317 1043 sint
1330 1016 1501 1044 interemti
1550 1016 1592 1044 ib.

270 1065 329 1093 XV
349 1066 476 1101 [XVII].
501 1066 547 1093 De
579 1066 701 1100 synodo
737 1066 826 1094 facta
854 1065 890 1093 in
921 1075 1036 1100 campo
1067 1066 1264 1102 Haethfelda,
1295 1066 1504 1101 praesidente

386 1105 628 1140 archiepiscopo
642 1105 807 1133 Theodoro
861 1126 868 1132 .
951 1126 957 1133 .
1041 1126 1048 1133 .
1132 1126 1139 1133 .
1222 1127 1229 1133 .
1313 1127 1320 1133 .
1403 1127 1410 1134 .
1493 1127 1500 1134 .
1543 1108 1595 1142 238

268 1156 347 1183 XVI
367 1156 513 1190 [XVIIH.
538 1156 585 1182 De
607 1155 756 1183 Iohanne
776 1157 944 1184 captatore
964 1156 1050 1184 sedis
1070 1155 1276 1191 apostolicae,
1292 1155 1349 1191 qui
1370 1157 1504 1191 propter

386 1196 570 1222 docendum
584 1194 787 1222 Brittaniam
805 1195 935 1223 uenerit
1130 1216 1137 1223 .
1220 1216 1227 1223 .
1310 1217 1317 1223 .
1400 1217 1407 1223 .
1491 1217 1497 1223 .
1540 1202 1596 1230 240

269 1246 365 1273 XVII
387 1245 497 1280 [XIX].
521 1246 566 1273 Ut
582 1245 759 1279 Edilthryd
770 1245 885 1280 regina
895 1246 988 1281 uirgo
998 1247 1157 1280 perpetua
1166 1246 1393 1282 permanserit,
1409 1245 1504 1274 cuius

386 1294 446 1312 nec
462 1293 578 1318 corpus
593 1285 628 1311 in
642 1288 860 1313 monumento
875 1285 1041 1320 corrumpi
1054 1285 1409 1321 potuerit..
1492 1306 1499 1313 .
1542 1293 1594 1320 243

269 1335 383 1363 XVIII
404 1335 497 1370 [XXJ.
520 1335 673 1369 Hymnus
689 1336 727 1362 de
743 1335 801 1362 illa
862 1357 868 1363 .
952 1357 960 1363 .
1492 1356 1499 1363 .
1543 1345 1596 1371 ²47

269 1386 348 1413 XIX
368 1385 479 1420 [XXI].
503 1385 547 1412 Ut
556 1384 744 1413 Theodorus
755 1386 923 1420 episcopus
933 1386 1021 1413 inter
1033 1386 1227 1421 Ecgfridum
1241 1388 1274 1414 et
1288 1385 1502 1413 Aedilredum

384 1433 475 1459 reges
488 1433 603 1458 pacem
620 1424 734 1452 fecerit
766 1446 773 1453 .
1488 1446 1495 1452 .
1539 1433 1595 1462 249

268 1476 330 1503 XX
351 1475 480 1510 [XXII]
504 1475 549 1502 Ut
569 1474 706 1502 uincula
726 1475 898 1503 cuiusdam
920 1475 1054 1511 captiui
1071 1484 1147 1504 cum
1165 1484 1225 1510 pro
1245 1484 1281 1503 eo
1295 1474 1414 1503 missae
1428 1483 1504 1503 can-

384 1516 545 1550 tarentur
562 1514 670 1542 soluta
683 1514 751 1542 sint
860 1536 866 1542 .
950 1536 957 1542 .
1131 1536 1138 1543 .
1492 1537 1499 1543 .
1547 1514 1591 1542 ib.

269 1565 349 1593 XXI
369 1565 591 1600 [XX111].De
605 1565 678 1593 uita
692 1567 724 1593 et
739 1565 831 1593 obitu
845 1566 965 1593 Hildae
979 1565 1162 1593 abbatissae
1494 1586 1501 1593 .
1545 1575 1593 1601 25²

268 1616 366 1644 XXII
387 1616 526 1651 [XXIV].
550 1616 643 1648 Quod
665 1615 701 1642 in
723 1616 923 1643 monasterio
947 1616 1016 1644 eius
1036 1616 1138 1644 fuerit
1160 1615 1272 1652 frater,
1301 1615 1356 1643 cui
1379 1616 1503 1643 donum

385 1655 527 1683 canendi
540 1655 584 1682 sit
598 1654 760 1683 diuinitus
775 1664 965 1683 concessum
1131 1676 1138 1683 .
1221 1676 1228 1683 .
1311 1676 1318 1682 .
1401 1675 1409 1682 .
1491 1675 1498 1683 .
1543 1656 1594 1690 258

268 1706 384 1734 XXIII
405 1706 525 1741 [XXV].
549 1705 662 1738 Qualis
676 1705 760 1733 uisio
775 1705 907 1733 cuidam
922 1706 994 1733 uiro
1013 1705 1075 1733 Dei
1095 1704 1294 1740 apparuerit,
1309 1705 1503 1740 priusquam

384 1745 625 1773 monasterium
641 1745 825 1773 Coludanae
840 1745 930 1773 urbis
944 1746 1028 1773 esset
1042 1745 1196 1773 incendio
1209 1746 1420 1772 consumtum
1494 1765 1501 1772 .
1543 1745 1593 1772 262

268 1797 377 1824 XXIV
397 1796 536 1831 [XXVI].
563 1796 611 1823 De
624 1797 730 1823 morte
741 1795 888 1830 Eegfricli
903 1798 935 1823 et
950 1795 1103 1824 Hlotheri
1117 1804 1233 1830 regum
1313 1816 1320 1823 .
1402 1816 1410 1823 .
1491 1816 1498 1824 .
1541 1796 1594 1823 266

268 1847 360 1875 XXV
381 1846 540 1881 [XXVII]
564 1846 610 1873 Ut
622 1845 676 1873 uir
690 1846 824 1873 Domini
840 1846 1002 1873 Cudberct
1017 1846 1060 1873 sit
1075 1845 1242 1880 episcopus
1252 1846 1378 1881 factus;
1400 1846 1502 1880 utque

385 1886 421 1913 in
436 1885 631 1913 monachica
646 1885 755 1913 adhuc
771 1885 842 1913 uita
853 1886 977 1919 positus
990 1885 1113 1914 uixerit
1127 1886 1181 1913 uel
1196 1885 1344 1913 docuerit
1493 1906 1500 1914 .
1542 1886 1594 1912 268

269 1937 378 1964 XXVI
399 1936 577 1971 [XXVIII].
601 1936 646 1963 Ut
660 1935 748 1963 idem
768 1935 804 1962 in
826 1935 898 1963 uita
917 1935 1128 1963 anchoretica
1142 1937 1174 1963 et
1188 1935 1316 1963 sontem
1330 1936 1370 1963 de
1389 1936 1503 1962 arente

385 1978 474 2003 terra
488 1976 613 2002 orando
626 1975 825 2009 produxerit,
843 1977 875 2002 et
890 1977 1032 2010 segetem
1052 1976 1092 2003 de
1105 1975 1214 2003 labore
1236 1983 1398 2003 manuum
1412 1975 1503 2002 ultra

385 2017 515 2049 tempus
528 2014 658 2042 serendi
672 2014 835 2049 acceperit
863 2036 869 2042 .

269 2066 396 2094 XXVII
418 2065 560 2100 [XXIX].
584 2065 629 2092 Ut
657 2064 744 2092 idem
771 2064 839 2092 iam
867 2064 1036 2099 episcopus
1064 2064 1190 2092 obitum
1224 2073 1322 2092 suum
1354 2063 1502 2099 proxime

384 2105 537 2132 futruum
552 2104 743 2132 Heribercto
758 2104 950 2132 anchoritae
964 2104 1164 2138 praedixerit
1219 2125 1227 2132 .

269 2155 414 2184 XXVIII
435 2155 558 2190 [XXX].
583 2155 628 2182 Ut
662 2163 779 2188 corpus
812 2154 903 2182 illius
935 2155 1009 2189 post
1030 2155 1079 2182 XI
1100 2162 1204 2182 annos
1237 2154 1427 2188 sepulturae
1458 2153 1502 2181 sit

385 2194 604 2228 corruptionis
625 2194 763 2222 inmune
784 2195 993 2228 reppe1;tum
1025 2202 1085 2222 nec
1110 2194 1217 2221 multo
1240 2195 1313 2228 post
1337 2201 1503 2221 successor

386 2234 590 2268 episcopatus
604 2233 673 2261 eius
687 2234 727 2261 de
742 2234 868 2261 mundo
882 2233 1053 2261 transierit
1221 2254 1228 2260 .
1311 2254 1318 2260 .

269 2285 380 2313 XXIX
401 2284 542 2319 [XXXI]
566 2284 612 2311 Ut
625 2283 762 2318 quidam
776 2284 818 2312 ad.
831 2284 982 2311 tumbam
998 2283 1068 2311 eius
1081 2283 1124 2311 sit
1138 2292 1159 2311 a
1171 2283 1314 2318 paralysi
1327 2284 1463 2311 sanatus
1492 2304 1499 2311 .

269 2336 363 2365 XXX
383 2335 543 2370 [XXXII].
568 2335 613 2363 Ut
637 2334 722 2362 alter
749 2335 791 2362 ad
816 2334 972 2369 reliquias
995 2334 1065 2362 eius
1091 2343 1198 2369 nuper
1222 2334 1324 2363 fuerit
1347 2334 1388 2362 ab
1415 2333 1502 2362 oculi

385 2375 519 2409 langore
533 2376 667 2402 curatus
676 2372 687 2389 ²
858 2395 865 2402 .
947 2395 954 2402 .
1037 2396 1044 2402 .
1128 2395 1135 2402 .
1219 2394 1225 2401 .
1310 2394 1317 2401 .
1400 2394 1408 2401 .

303 2466 313 2484 ¹
332 2473 356 2491 v.
370 2466 437 2489 note
451 2474 472 2496 1,
485 2472 512 2496 p.
527 2471 592 2496 230;
611 2466 676 2489 note
692 2474 731 2495 10,
745 2472 772 2496 p.
784 2472 840 2497 232.

1495 2034 1502 2041 .
1545 2022 1591 2049 271

1541 2112 1593 2139 274

1491 2253 1499 2260 .
1541 2232 1594 2267 276

1542 2283 1594 2318 278

1490 2394 1498 2401 ·
1541 2381 1592 2409 279

302 2499 315 2518 2
332 2498 418 2523 After
435 2499 484 2523 the
502 2498 628 2529 capitula.
646 2499 676 2522 of
695 2498 774 2522 Book
787 2498 842 2523 IV:
861 2498 963 2529 incipit
980 2498 1038 2530 ipse
1057 2498 1139 2529 liber,
1153 2498 1190 2523 M.
1222 2498 1328 2530 Incipit
1340 2498 1399 2530 ipse
1412 2497 1461 2525 lib.
1475 2497 1544 2530 1111,
1560 2498 1593 2523 B.

270 2532 440 2565 Expliciunt
451 2531 585 2563 capitula,
600 2532 703 2563 incipit
715 2532 796 2562 liber,
810 2531 846 2558 N.
882 2532 989 2563 Incipit
1001 2532 1075 2557 liber
1085 2533 1205 2564 quartus
1216 2532 1283 2558 eccl.
1297 2532 1363 2557 hist.
1377 2531 1407 2557 C.
