1803 2887
68 289 88 313 f.
106 289 141 319 42³¹
157 286 185 311 1),

262 175 340 205 CAP.
356 175 417 204 VII
424 171 450 212 .]
663 164 814 207 Gentis
844 164 884 204 A
894 164 993 218 119Ζο
1000 178 1115 206 rum.
1439 166 1521 206 139

262 293 389 317 unam
423 282 520 318 sunt
550 293 702 329 pacem,
733 279 738 330 Ι
764 282 803 318 et
838 280 952 317 uelut
986 293 1119 317 unum
1153 279 1445 329 conpaginatae
1478 280 1522 317 in

260 345 472 394 populum.
534 345 633 383 Erat
654 347 792 383 autem
813 359 940 394 nepos
960 345 1144 383 Aeduini
1161 345 1171 364 1
1192 345 1299 393 regis
1319 358 1367 382 ex
1388 358 1523 382 sorore

260 410 387 458 Acha,
429 410 684 459 dignumque
722 411 811 458 fuit,
854 412 901 448 ut
938 412 1081 448 tantus
1125 423 1356 459 praecessor
1393 410 1520 447 talem

260 475 428 513 haberet
455 476 504 513 de
533 489 605 513 sua
635 475 990 525 consanguinitate
1018 477 1058 513 et
1087 475 1300 525 religionis
1326 476 1520 512 heredem

261 542 301 578 et
320 540 447 590 regni.

767 673 886 711 CAP.
911 673 1010 711 VH.

264 783 301 811 L‘t
317 784 483 818 prouincia
511 784 744 813 Occidentalium
770 785 930 812 Smmzum
953 785 1081 813 'uerbum
1104 785 1169 816 Dei,
1187 786 1383 820 praedicante
1404 785 1523 817 Biz-ino,

391 838 551 870 susceperit
562 846 573 871 ;
597 838 622 864 εί
637 837 671 864 cle
687 837 905 865 successoribus
920 837 985 864 eius
999 837 1166 872 Ayz'lbercz‘o
1182 839 1207 865 et
1221 837 1388 864 Lcutherio.

315 922 376 960 Eo
396 924 580 971 tempore
605 936 706 973 gens
730 923 1053 961 Occidentalium
1082 924 1302 971 Saxonum,
1329 925 1400 973 qui
1423 924 1523 961 anti-

262 987 399 1036 quitus
421 988 612 1026 Geuissae
632 988 918 1037 uocabantm·²,
936 991 1132 1039 regnante
1147 989 1357 1039 Cynigilso
1371 989 1382 1008 ³
1398 990 1523 1027 fidem

262 1053 415 1091 Christi
441 1055 630 1103 suscepit,
656 1055 912 1103 praedicante
940 1055 1024 1092 illis
1053 1055 1228 1092 uerbum
1252 1055 1425 1093 Birino4
1447 1055 1522 1104 epi—

261 1131 392 1167 scopo,
400 1119 469 1168 qui
478 1133 571 1156 cum
581 1119 750 1158 consilio
759 1133 886 1169 papae
894 1120 1070 1157 Honor-ii
1080 1123 1247 1158 uenerat
1256 1120 1518 1168 Brittaniam,

260 1185 509 1233 promittens
538 1185 705 1233 quidem
732 1198 774 1223 se
805 1185 879 1223 1110
908 1188 1120 1235 praesente
1149 1186 1193 1223 in
1222 1186 1384 1223 intimis
1414 1186 1524 1224 ultra

260 1250 494 1299 Anglorum
528 1250 723 1299 partibus,
759 1264 839 1300 quo
874 1251 1017 1288 nullus
1050 1251 1190 1289 doctor
1222 1252 1519 1300 praecessisset,

262 1318 423 1353 sanctae
453 1316 547 1353 fidei
577 1316 734 1354 semina
763 1330 849 1354 esse
879 1330 1125 1366 sparsurum.
1187 1317 1310 1355 Unde
1340 1320 1379 1355 et
1409 1318 1522 1355 iussu

261 1380 444 1418 eiusdem
463 1381 670 1430 pontificis
688 1396 760 1431 per
774 1382 988 1420 Asterium
1007 1383 1268 1420 Genuensem
1286 1383 1523 1432 episcopum

261 1445 305 1483 in
320 1446 573 1495 episcopatus
589 1449 845 1485 consecratus
867 1450 926 1485 est
941 1449 1125 1497 gradum.
1179 1448 1259 1486 Sed
1272 1448 1523 1486 Brittaniam

260 1513 512 1561 perueniens⁷
531 1526 575 1550 ac
594 1514 777 1562 primum
799 1514 1065 1551 Geuissorurn
1085 1516 1252 1563 gentem
1272 1514 1518 1563 ingrediens,

261 1591 355 1615 cum
375 1591 518 1616 omnes
537 1579 692 1616 ibidem
712 1579 1008 1629 paganissimos
1031 1579 1246 1628 inueniret,
1272 1580 1417 1617 utilius
1438 1593 1524 1617 esse

260 1646 371 1681 ratus
405 1646 465 1682 est
505 1644 562 1682 ibi
599 1645 736 1694 potius
775 1645 949 1682 uerbimi
982 1645 1221 1694 praedicare⁷
1258 1659 1381 1695 quam
1417 1646 1524 1684 ultra.

260 1709 524 1758 progrediens
544 1723 621 1757 eos,
641 1710 788 1759 quibus
808 1710 1035 1759 praedicare
1056 1711 1231 1754 deberet,
1257 1711 1473 1760 inquirere.

315 1775 460 1824 Itaque
486 1776 793 1826 euangelizante
819 1777 889 1814 illo
916 1778 961 1814 in
980 1777 1159 1826 praefata
1182 1777 1403 1826 prouincia,
1429 1791 1523 1815 cum

260 1854 331 1879 rex
362 1841 448 1890 ipse
483 1842 763 1889 cathecizatus,
797 1842 911 1880 fonte
942 1843 1138 1891 baptismi
1173 1856 1267 1881 cum
1299 1856 1370 1880 sua
1401 1845 1524 1892 gente

260 1907 503 1955 ablueretur,
547 1908 718 1957 contigit
755 1910 854 1946 tunc
893 1909 1092 1957 temporis
1130 1908 1439 1946 sanctissimum
1478 1922 1522 1947 ac

262 1972 643 2011 uictoriosissimum
660 1987 797 2023 regem
811 1974 1255 2023 Nordanhymbrorum
1269 1975 1496 2012 Osualdum
1510 1975 1523 1994 ⁵

260 2038 448 2083 adfuisse,
474 2052 651 2088 eumque
677 2040 726 2077 de
754 2039 915 2076 lauacro
942 2042 1161 2077 exeuntem
1192 2040 1426 2089 suscepisse,
1452 2040 1524 2078 acss

259 2103 534 2152 pulcherrimo
561 2118 727 2153 prorsus
748 2106 787 2142 et
809 2105 896 2142 Deo
916 2105 1041 2154 digno
1063 2105 1277 2153 consortio,
1303 2105 1416 2143 0111115
1437 2108 1524 2143 erat

260 2169 390 2207 filiam
424 2172 662 2219 accepturus
693 2170 737 2208 in
769 2170 995 2219 coniugem,
1032 2171 1170 2219 ipsum
1200 2171 1314 2220 prius
1348 2172 1524 2210 secunda

261 2235 520 2284 generatione
540 2236 625 2273 Deo
646 2236 878 2273 dedicatum
905 2236 983 2274 sibi
1003 2236 1155 2285 accepit
1174 2236 1219 2274 in
1239 2237 1384 2275 filium.
1446 2237 1523 2274 Do-

261 2303 465 2338 nauerunt
485 2303 624 2339 autem
643 2303 764 2339 ambo
791 2315 905 2351 reges
925 2302 1058 2340 eidem
1083 2303 1271 2351 episcopo
1295 2303 1518 2350 ciuitatem,

264 2379 364 2415 quae
384 2369 552 2404 uocatur
571 2367 726 2415 Dorcio,
752 2368 801 2405 ad
829 2367 1064 2405 faciendum
1091 2368 1196 2405 inibi
1216 2368 1356 2405 sedem
1378 2368 1524 2417 episco-

262 2431 422 2480 palem3
452 2432 523 2469 ubi
551 2432 669 2470 factis
699 2433 976 2482 dedicatisque
1002 2433 1190 2481 ecelesiis,
1215 2434 1442 2482 multisque
1473 2434 1523 2472 ad

304 2528 311 2545 ¹
337 2529 462 2559 eduini
479 2530 518 2561 B.
538 2530 569 2560 N
587 2541 594 2569 ;
618 2531 767 2561 eduuini
785 2531 821 2561 C.
881 2530 893 2547 ²
916 2534 1091 2562 uocantur
1107 2531 1152 2563 M.
1216 2531 1227 2548 ³
1253 2532 1357 2570 -gislo
1375 2532 1411 2562 C.
1428 2532 1468 2562 Β.
1482 2532 1523 2563 N.

260 2580 270 2597 ⁴
294 2581 416 2611 berino
434 2581 474 2612 N.
617 2583 628 2600 ⁵
653 2583 864 2613 osuualdum
883 2583 919 2614 C.
1060 2582 1072 2601 ⁶
1096 2594 1135 2614 ac
1153 2584 1201 2614 sie
1219 2584 1254 2615 C.
1274 2582 1326 2615 B2.

1547 929 1745 958 Conversion

1547 969 1583 997 of
1592 970 1649 997 the
1660 969 1751 996 &Vest

1547 1010 1672 1037 Saxons
1687 1009 1729 1043 by

1547 1049 1690 1076 Birinus.

1548 1788 1697 1823 Baptism
1712 1790 1747 1815 of

1549 1828 1708 1863 Cynegils.

1548 2376 1640 2403 WVest
1647 2376 1755 2404 Saxon

1549 2416 1608 2443 See
1623 2418 1659 2442 at-

1549 2455 1754 2483 Dorchester.
