1803 2887
299 161 354 201 32
644 161 853 203 Historia
883 162 1189 205 Ecclesia-stica
1421 170 1506 211 [Lm.
1526 175 1550 205 Ι.

300 276 413 314 cuius
451 278 566 326 pater
604 277 722 315 Uitta
736 275 759 325 ¹,
803 278 919 316 cuius
956 280 1070 327 pater
1109 278 1248 326 Uecta,
1291 278 1405 316 cuius
1441 281 1555 328 pater

301 341 447 380 Uoden
462 343 486 389 ²,
534 342 583 379 de
640 342 755 380 cuius
806 343 929 392 stirpe
977 343 1203 380 multarum
1250 343 1553 392 prouinciarum

300 407 457 456 regium
479 421 608 456 genus
628 407 828 457 originem
850 408 977 446 duxit.

72 477 159 522 They
173 479 252 504 turn
355 472 449 510 Non
478 485 592 509 mora
620 486 724 522 ergo,
758 473 1061 511 confluentibus
1090 473 1277 511 certatim
1308 474 1352 511 in
1375 473 1554 512 insulam

71 517 276 583 ᾖξῗξὲἕζώθ
301 537 490 587 gentium
520 539 835 575 memoratarum
865 539 1048 585 cateruis,
1084 539 1349 587 grandescere
1381 539 1556 588 populus

301 602 434 650 coepit
480 603 744 651 aduenarum,
786 603 843 641 ita
889 605 935 641 ut
985 603 1109 652 ipsis3
1157 617 1327 653 quoque,
1371 604 1442 653 qui
1489 617 1557 642 eos

300 668 610 716 aduocauerant,
644 668 875 718 indigenis4
905 670 1040 706 essent
1068 669 1223 707 terrori.
1285 670 1391 707 Tum
1421 669 1556 708 subito

300 733 403 770 inito
424 734 473 771 ad
503 735 668 782 tempus
688 733 848 772 foedere
875 747 968 771 cum
999 734 1138 781 Pictis,
1164 747 1265 783 quos
1291 734 1454 783 longius
1474 735 1557 773 iam

300 798 492 836 bellando
512 799 763 847 pepulerant,
788 799 831 836 in
852 799 980 837 socios
993 800 1006 819 ⁵
1025 812 1138 836 arma
1159 801 1316 837 uertere
1336 799 1552 848 incipiunt.

301 864 356 901 Et
381 864 563 912 primum
591 864 755 913 quidem
780 878 965 902 annonas
990 866 1063 904 sibi
1089 878 1157 902 eos
1186 865 1410 913 affluentius
1439 864 1557 902 mini-

300 932 429 968 strare
458 931 618 978 cogunt,
656 932 976 979 quaerentesque
1004 933 1238 969 occasionem
1265 930 1442 977 diuortii,
1472 942 1559 978 pro-

302 998 497 1042 testantur,
522 997 598 1034 nisi
613 997 814 1044 profusior
832 996 911 1033 sibi
932 996 1225 1034 alimentorum
1246 996 1359 1044 copia
1380 996 1552 1042 daretur,

301 1073 338 1099 sc
364 1065 500 1099 cuneta
527 1062 674 1099 insulae
702 1061 789 1099 loca
814 1065 925 1109 rupto
947 1062 1097 1109 foedere
1116 1063 1355 1099 uastaturos.
1415 1062 1558 1109 Neque

300 1127 509 1176 aliquanto
549 1126 713 1175 segnius
750 1129 877 1165 mimis
914 1127 1106 1173 effectibus
1135 1129 1430 1174 proscqmrni‘ur.
1500 1125 1556 1163 Si·
1579 1133 1702 1167 Gildas,

302 1192 479 1241 quidem,
517 1194 564 1229 ut
602 1191 781 1229 breuiter
819 1192 962 1240 dicam,
998 1204 1178 1231 accensus
1218 1191 1404 1230 manibus
1441 1203 1556 1240 paga·
1580 1173 1652 1210 §²4¹

302 1271 451 1296 norum
482 1258 593 1305 iynis,
628 1259 750 1296 iustas
781 1258 830 1295 de
861 1258 1067 1296 sceleribus
1098 1257 1240 1307 populi
1278 1257 1351 1294 Dei
1390 1257 1558 1294 ultiones

304 1323 484 1372 expetiit,
520 1336 604 1360 non
636 1322 749 1360 illius
782 1323 910 1372 inpar,
945 1323 1014 1372 qui
1049 1324 1257 1372 quondam
1290 1335 1313 1360 a
1343 1321 1557 1360 Chaldaeis

303 1401 532 1435 succensus,
568 1388 980 1438 Hierosolymorum6
1014 1389 1187 1436 moenia,
1218 1389 1346 1426 immo
1376 1388 1557 1426 aedificia

303 1457 449 1492 cuncta
486 1454 734 1499 consumsit„
797 1455 862 1492 Sic
901 1455 1013 1492 enim
1052 1456 1092 1492 et
1130 1454 1196 1491 hic
1243 1455 1389 1502 agente
1430 1452 1557 1502 impio

304 1521 468 1567 uictore,
492 1519 622 1556 immo
642 1519 883 1568 disponente
910 1520 1018 1558 iusto
1039 1520 1190 1568 Iudice,
1215 1519 1422 1569 proximas
1443 1531 1555 1566 qnas-

302 1598 371 1634 quc
416 1588 589 1624 ciuitates
633 1598 817 1634 ayrosqnc
855 1586 1108 1634 depopulans,
1151 1585 1200 1623 ab
1238 1586 1412 1624 orientali
1458 1587 1558 1623 mari

302 1664 420 1699 nsque
435 1652 486 1689 ad
501 1652 737 1698 occidentale,
756 1651 871 1688 nullo
887 1651 1143 1700 prohibente,
1164 1664 1286 1688 suum
1300 1651 1556 1689 continuauit

300 1717 552 1763 incendium,
570 1718 782 1765 totamque
794 1730 919 1766 prope
934 1718 1083 1755 insulae
1095 1717 1303 1765 pereuntis
1323 1719 1558 1765 scmcrficicm

302 1782 468 1820 obtexit.
529 1782 719 1820 Ruebant
752 1782 933 1820 aedificia
962 1782 1125 1831 puplica
1154 1782 1279 1819 simul
1309 1784 1349 1820 et
1383 1783 1552 1832 priuata,

301 1848 454 1898 passim
474 1849 685 1887 sacerdotes
704 1848 813 1885 inter
837 1849 979 1886 altaria
1004 1847 1322 1895 trucidabantur,
1352 1849 1557 1897 praesules

301 1927 386 1953 cum
404 1914 561 1962 populis
581 1913 669 1951 sine
690 1913 775 1951 ullo
801 1914 986 1962 respectu
1012 1913 1190 1960 honoris,
1214 1913 1320 1951 ferro
1340 1914 1491 1962 pariter
1516 1915 1557 1951 et

294 1982 470 2027 flammis
502 1980 850 2026 absumebantur3
898 1992 972 2016 nec
1010 1980 1102 2026 erat,
1141 1979 1211 2027 qui
1250 1979 1467 2017 crudeliter
1497 1980 1556 2017 in·
1752 2023 1753 2031 ἵ

302 2048 497 2084 teremtos
552 2047 775 2094 sepulturae
830 2045 1018 2083 traderet.
1091 2046 1231 2092 Itaque
1272 2046 1450 2083 nonnulli
1505 2046 1556 2083 de
1578 2055 1619 2083 ib.
1637 2056 1653 2091 g
1670 2066 1701 2091 25
1751 2037 1753 2084 J

302 2112 531 2151 miserandis
560 2111 731 2159 reliquiis
761 2114 804 2149 ‘in
833 2112 1023 2150 montibus
1053 2112 1311 2159 conprehensi,
1347 2113 1557 2149 aceruatim
1751 2098 1752 2103 ¹

301 2179 603 2225 iuffldcdmntm·;
652 2179 721 2215 alii
758 2178 867 2224 farne
903 2177 1085 2224 confecti⁷
1133 2177 1371 2224 procedentes
1416 2189 1556 2216 manus

302 2245 470 2282 hostibus
499 2244 651 2289 debant,
676 2256 748 2292 pro
775 2242 1018 2291 accipiendis
1042 2241 1334 2280 alimentorum
1364 2242 1556 2280 subsidiis

302 2311 515 2347 aeternum
554 2308 730 2346 subituri
767 2309 983 2356 serentium,
1022 2310 1055 2347 si
1093 2311 1220 2346 tamen
1257 2321 1337 2346 non
1376 2310 1556 2346 continno

303 2376 613 2422 trucidmcntm,
643 2376 712 2413 (dii
743 2377 1023 2413 transmarinas
1054 2376 1219 2423 reqioozes
1249 2374 1433 2412 dolentes
1458 2378 1555 2422 pete-

348 2529 358 2546 ¹
381 2530 456 2560 uita
467 2529 508 2560 N.
629 2528 642 2548 2
667 2529 787 2560 woben
804 2529 855 2560 B².
969 2529 979 2546 3
1004 2529 1072 2569 ipsi
1090 2529 1135 2560 M.
1255 2528 1265 2545 ⁴
1290 2529 1473 2568 indegenis
1497 2529 1554 2562 M1.

304 2581 315 2598 ⁵
339 2582 452 2612 socius
469 2580 526 2613 M1.
660 2581 671 2597 ⁶
693 2582 1003 2612 hierusolimorum
1020 2582 1056 2612 C.
1190 2579 1201 2596 ⁷
1225 2581 1386 2612 conuecti
1403 2581 1438 2612 C.
