1803 2887
84 1268 123 1295 cf.
141 1277 155 1294 2
170 1267 250 1295 Tim.

83 1316 123 1335 ιν.
141 1316 162 1334 2.

83 1529 201 1557 Genii.
208 1537 252 1564 24;

84 1568 200 1596 Matth.

81 1608 146 1635 xix.
162 1616 179 1642 5
192 1618 198 1643 3

84 1647 184 1675 Marc.
200 1655 230 1674 x.

84 1695 114 1721 7;
136 1686 218 1721 Eph·

83 1735 110 1752 v.
127 1735 167 1760 31.

136 2128 157 2155 f.
174 2128 208 2162 36
222 2128 250 2156 b.

277 171 354 204 Cn.
374 169 450 211 XL]
671 163 822 206 Gentis
853 164 1126 220 Angylorum.
1451 168 1529 208 105

275 278 422 315 stianae
456 278 553 325 fidei
588 282 755 327 suscepto
791 281 958 318 mirabili-
986 284 1228 328 sacramento,
1262 282 1344 329 piis
1381 285 1414 319 et
1454 283 1533 320 Deo

266 342 423 389 placitis
442 344 579 391 iufsz'ter
605 345 776 391 operibus
800 347 984 392 enitescat,
1009 347 1056 384 ab
1082 347 1267 384 idolormn
1293 348 1405 384 ctiam
1429 348 1532 384 cultu

273 419 338 445 seu
367 409 556 455 fanorum
588 411 908 457 auguriorumque
936 412 1128 449 ‘inlecebris
1159 423 1196 449 se
1231 413 1427 459 diliyenter
1453 413 1533 450 abs-

275 474 403 521 tineat,
428 477 462 511 et
482 475 540 511 ita
558 476 600 511 vin
625 486 747 512 amore
764 476 1001 514 Redemtoris
1019 478 1079 514 sui
1101 478 1318 515 inmutilata
1343 478 1534 515 deuotione

268 541 474 587 persistens
495 540 673 587 inuiyilet,
697 544 741 577 ut
767 541 818 578 ad
841 541 1081 579 dilatandam
1109 542 1366 580 Christianam
1387 543 1530 590 fidem¹

278 605 545 642 incessabditer
567 618 643 642 non
672 606 827 643 desistat
852 618 1001 654 operam
1024 609 1256 646 commodare
1270 622 1281 654 ,·
1312 620 1466 655 cunupte
1491 609 1534 646 de

274 671 431 718 olorioso
451 671 603 718 coniuqe
625 673 745 708 uestro
759 675 927 718 paterna
951 673 1093 710 caritas
1111 674 1264 711 sollicite
1274 674 1529 721 perquisisset,

277 736 529 783 coynouimus,
554 736 653 782 quod
677 739 830 774 eatenus
857 737 1124 775 abominandis
1148 739 1258 776 idolis
1281 740 1458 786 seruiens,
1485 739 1537 776 ad

276 801 553 847 suscipiendam
574 813 698 838 uocem
708 802 1019 849 praedicatorum
1038 814 1151 840 suam
1171 804 1357 841 distulerit
1372 805 1535 842 obedien-

278 867 371 903 tiam
402 867 576 904 exhibere.
639 866 723 915 Qua
755 879 798 904 ex
827 880 865 905 re
894 880 969 905 non
999 869 1146 906 modica
1179 870 1287 906 nobis
1318 871 1535 907 amaritudo

277 935 448 979 conyesta
467 935 528 979 est,
553 930 625 969 ab²
645 944 694 980 eo,
718 933 818 980 quod
833 945 931 980 pars
952 936 1116 981 corporis
1139 936 1256 972 uestri
1275 936 1321 972 ab
1346 936 1536 983 aynitione

276 1009 445 1035 summae
465 1000 498 1035 et
516 998 742 1036 ‘indiuiduac
762 999 963 1036 Trinitatis
982 1001 1161 1037 remansit
1176 1003 1361 1038 extranca.
1429 1001 1536 1038 Unde

274 1064 442 1110 paternis
477 1064 609 1111 officiis
644 1067 791 1102 uestrae
825 1065 1006 1112 yloriosae
1045 1065 1328 1103 Christianitati
1370 1069 1536 1103 nostram

278 1128 615 1167 commonitionem3
630 1142 705 1167 non
717 1129 729 1147 4
746 1131 967 1168 distulimus
980 1131 1264 1178 constrendanm
1280 1131 1533 1177 adltoitantes,

277 1196 460 1241 quatinus
484 1195 638 1232 diuinae
666 1196 925 1242 inspirationis
954 1197 1092 1233 ‘inbuta
1117 1197 1308 1244 subsidiis,
1341 1198 1537 1244 inportune

277 1263 311 1297 et
343 1263 521 1307 oportune
552 1261 742 1308 ayendum
771 1274 847 1298 non
877 1261 1042 1309 differaS,
1072 1265 1116 1299 ut
1144 1265 1178 1299 et
1207 1263 1291 1309 ipse,
1322 1262 1537 1300 Saluatoris

277 1328 399 1363 nostri
425 1327 583 1364 Domini
610 1327 703 1364 Iesu
733 1326 873 1364 Christi
901 1331 1113 1374 cooperante
1136 1328 1317 1375 potentia,
1354 1326 1535 1366 Christia-

279 1403 411 1429 norum
436 1404 589 1430 numero
617 1393 808 1440 copuletur
822 1406 834 1438 ;
863 1395 908 1430 ut
927 1393 1085 1440 perinde
1109 1394 1325 1430 intemerato
1350 1394 1536 1430 societatis

267 1457 418 1503 foedere
445 1459 530 1495 iura
553 1461 677 1495 teneas
694 1458 884 1495 maritalis
913 1459 1095 1496 consortii.
1155 1458 1344 1505 Scriptum
1373 1470 1536 1505 namque

277 1525 356 1559 est:
391 1522 545 1560 ‘Erunt
578 1523 652 1560 duo
686 1524 727 1560 in
760 1534 870 1560 carne
902 1523 1008 1561 una.’
1068 1524 1257 1571 Quomodo
1289 1535 1371 1570 erqo
1403 1525 1535 1560 unitas

276 1588 384 1625 uobis
413 1589 685 1626 coniunctionis
717 1589 832 1626 inesse
863 1589 938 1626 dici
966 1590 1114 1636 poterit,
1149 1590 1182 1626 si
1215 1601 1239 1626 a
1268 1592 1413 1626 uestrae
1439 1589 1535 1636 fidei

277 1654 477 1701 splendore,
514 1655 740 1702 interpositis
773 1655 1000 1692 detestabilis
1031 1655 1165 1692 erroris
1194 1655 1360 1701 tenebris,
1398 1655 1456 1692 ille
1485 1666 1536 1691 re—

276 1720 458 1756 manserit
477 1720 624 1757 alienus
636 1720 654 1757 ,9

336 1785 444 1822 Unde
472 1786 631 1823 orationi
662 1786 857 1823 continuae
889 1786 1063 1824 insistens
1096 1798 1119 1823 a
1149 1786 1434 1834 longanimitate
1462 1797 1536 1823 cae-

277 1851 379 1888 lestis
408 1852 621 1889 clementiae
648 1852 956 1889 inluminationis
987 1853 1109 1899 ipsius
1138 1852 1314 1899 beneficia
1354 1853 1536 1898 inpetrare

274 1928 350 1954 non
380 1917 555 1963 desinas,·
586 1919 629 1954 ut
657 1917 838 1964 uidelicet,
863 1929 954 1964 quos
979 1918 1163 1964 copulatio
1189 1918 1354 1955 carnalis
1379 1916 1539 1963 affectus

277 1994 395 2019 unum
426 1983 589 2030 quodam
627 1983 735 2020 modo
773 1994 907 2030 corpus
943 1983 1151 2020 exhibuisse
1187 1985 1430 2029 monstratur,
1473 1982 1539 2020 lios

276 2060 417 2095 quoque
449 2049 580 2086 ‘imitas
609 2048 704 2095 fidei
734 2050 847 2086 etiam
868 2051 957 2095 post
984 2049 1101 2085 leuius
1128 2049 1231 2086 uitae
1260 2048 1465 2085 transitum
1495 2049 1537 2084 in

267 2116 451 2160 perpetua
478 2115 647 2151 societate
675 2117 872 2151 conseruet.
937 2113 942 2162 Ι
967 2113 1110 2151 Insiste
1136 2125 1228 2161 erqo,
1249 2113 1412 2160 yloriosa
1431 2113 1532 2160 filia,

276 2181 311 2216 et
329 2179 490 2216 sununis
509 2180 703 2217 conatibus
728 2180 913 2217 duritiam
941 2179 1062 2216 cordis
1090 2180 1210 2226 ipsius
1237 2179 1411 2226 reliyiosa
1441 2179 1537 2215 diui-

277 2256 417 2281 norum
440 2247 723 2292 praeceptorum
750 2245 1012 2282 insinuatione
1038 2245 1184 2282 mollire
1212 2255 1447 2291 summopere
1481 2243 1536 2280 de·

277 2313 433 2348 matura
448 2324 459 2356 ;
489 2311 703 2358 infundens
721 2311 895 2349 sensibus
907 2311 997 2355 eius,
1011 2313 1199 2358 quantum
1213 2311 1264 2348 sit
1274 2310 1532 2357 praeclarum,

277 2376 377 2422 quod
410 2376 588 2414 eredendo
617 2377 824 2424 suscepisti,
858 2377 1091 2425 mysterium,
1125 2379 1362 2423 quantumue
1394 2376 1444 2413 sit
1474 2375 1537 2413 ad-

277 2441 459 2489 mirabile,
483 2442 581 2489 quod
605 2445 740 2480 renata
760 2443 979 2489 prae-mium
1008 2442 1183 2489 consequi
1207 2442 1392 2479 meruisti.
1451 2441 1537 2478 Fri-

274 2506 475 2553 gn'ditatem
521 2507 642 2546 cordis
689 2508 810 2555 ipsius
855 2507 989 2546 Sancti
1029 2507 1199 2554 Spiritus
1245 2506 1537 2544 adnuntiatione

323 2591 331 2608 ¹
356 2591 439 2622 fidei
456 2592 501 2623 M.
608 2591 620 2609 ²
643 2594 686 2624 ob
704 2593 750 2624 M.
768 2593 808 2624 B.
923 2592 935 2610 3
960 2603 1141 2624 eommun-
1159 2593 1195 2623 O.
1210 2592 1261 2623 13¹.
1374 2590 1385 2608 4
1408 2602 1472 2622 nec
1488 2591 1532 2622 M.
