1803 2887
275 163 353 195 Cap.
371 159 542 200 XXXIV.]
673 152 824 194 Gentis
854 153 1121 206 Anylorum.
1472 157 1522 195 71

273 279 395 315 supra
428 267 690 316 sepulchrum
721 267 809 304 eius
842 267 913 304 lux
945 267 1128 305 caelestis
1160 268 1358 317 apparuit,
1397 269 1525 307 donec

273 332 645 369 animaduertentes
673 331 807 377 uicini,
842 331 913 381 qui
941 332 1146 380 uidebant,
1180 335 1366 371 sanctum
1400 334 1526 372 fuisse

273 396 421 443 uirum,
455 396 525 445 qui
558 396 616 433 ibi
645 399 749 434 esset
778 397 972 445 sepultus,
1006 400 1045 435 et
1074 398 1380 447 inuestigantes‚
1415 400 1525 437 unde

273 462 339 499 uel
360 462 451 511 quis
478 462 592 507 esset,
616 461 876 500 abstulerunt
901 476 1054 511 corpus9
1079 466 1120 501 et
1149 464 1192 501 in
1220 464 1408 502 Bononia
1432 465 1525 502 ciui-

272 527 356 563 tate
383 526 497 564 iuxta
524 527 721 564 honorem
753 529 869 565 tanto
900 527 988 565 uiro
1021 541 1248 577 congruum
1282 529 1326 566 in
1359 529 1523 567 ecclesia

271 593 505 639 posuerunt.

718 739 836 777 CAP.
872 739 1070 778 XXXIV.

275 850 312 877 Ut
327 849 480 884 Aeclc'lfrid
494 847 502 864 ¹
521 858 572 877 rere
587 850 912 884 Nordanhymbrorum
932 851 1097 878 Scottorum
1110 847 1122 864 2
1137 853 1235 886 qenies
1247 852 1358 886 proelio
1375 854 1526 881 conterens

637 902 676 929 ab
691 902 865 937 Angflorum
875 902 997 936 finibus
1012 903 1166 937 mmm-it.

325 988 408 1026 H1s
440 987 694 1037 temporibus
721 1001 846 1037 regno
880 988 1318 1038 Nordanhymbrorum
1347 991 1523 1040 praefuit

270 1067 339 1090 rex
363 1053 611 1091 fortissimus
637 1056 677 1090 et
701 1053 850 1103 gloriae
876 1054 1165 1103 cupidissimus
1188 1055 1393 1093 Aedilfrid
1408 1057 1429 1104 ¹,
1455 1057 1525 1106 qui

269 1119 363 1168 plus
389 1118 580 1156 omnibus
606 1119 837 1168 Anglorum
863 1119 1108 1168 primatibus
1134 1123 1300 1170 gentem
1320 1122 1499 1160 uastauit
1512 1126 1523 1140 ³¹·

270 1186 548 1232 Brettonum3
582 1184 640 1222 ita
678 1187 725 1222 ut
764 1185 877 1223 Sauli
915 1186 1121 1234 quondam
1156 1187 1241 1236 regi
1279 1187 1526 1226 Israelitieae

270 1250 404 1300 gentis
433 1251 714 1299 conparandus
744 1251 959 1299 uideretur,
994 1254 1160 1301 excepto
1189 1253 1404 1291 dumtaxat
1435 1254 1520 1292 hoc.

271 1316 379 1365 quod
409 1315 573 1353 diuinae
602 1318 687 1353 erat
716 1316 923 1365 religionis
953 1316 1131 1365 ignarus.
1194 1318 1326 1356 Nemo
1347 1319 1459 1356 enim
1481 1320 1523 1357 in

271 1381 458 1428 tribunis,
488 1394 609 1418 nemo
636 1381 680 1418 in
709 1380 873 1430 regibus
901 1382 1040 1431 plures
1069 1396 1210 1420 eorum
1237 1385 1376 1431 terras,
1402 1386 1525 1422 exter-

270 1446 439 1484 minatis
467 1446 535 1483 uel
562 1445 788 1494 subiugatis
816 1446 1031 1495 indigenis,
1057 1449 1128 1485 aut
1156 1448 1390 1486 tributarias
1412 1449 1526 1498 genti

272 1511 515 1561 Anglorum,
547 1513 617 1549 aut
649 1511 890 1550 habitabiles
922 1512 1029 1551 fecit.
1092 1513 1167 1551 Cui
1194 1514 1339 1551 merito
1371 1517 1525 1563 poterat

272 1576 386 1621 illud,
412 1577 521 1625 quod
549 1576 793 1614 benedicens
822 1577 955 1615 filium
983 1578 1207 1626 patriarcha
1236 1579 1281 1616 in
1309 1592 1526 1628 personam

274 1642 407 1680 Saulis
427 1642 593 1689 dicebat,
623 1642 751 1691 aptari
771 1656 779 1680 :
814 1642 1053 1681 ‘Beniamin
1069 1644 1081 1662 ⁴¹
1101 1643 1223 1692 lupus
1248 1657 1380 1693 rapax,
1405 1658 1526 1683 mane

272 1708 455 1745 comedet
474 1708 666 1757 praedam
687 1709 727 1746 et
746 1721 913 1757 uespere
933 1709 1088 1747 diuidet
1108 1709 1264 1758 spolia.’

326 1773 448 1811 Unde
460 1775 598 1810 motus
614 1773 700 1810 eius
715 1773 964 1822 profectibus
976 1775 1121 1812 Aedan
1137 1775 1149 1793 ⁵
1166 1788 1236 1812 rex
1253 1775 1484 1813 Scottorum
1498 1777 1520 1823 ὓ,

274 1838 344 1888 qui
382 1838 628 1876 Brittaniam
665 1838 909 1887 inhabitant,
951 1840 1067 1877 uenit
1111 1842 1250 1878 contra
1293 1854 1389 1878 eum
1430 1855 1524 1879 cum

272 1905 460 1942 inmenso
501 1917 544 1942 ac
581 1903 677 1941 forti
714 1904 916 1951 exercitu3
965 1905 1034 1942 sed
1079 1918 1172 1943 cum
1218 1906 1356 1954 paucis
1393 1906 1526 1945 uictus

1551 998 1715 1027 Ethelfrid
1723 1002 1758 1026 of

1551 1039 1727 1066 Northum-

1550 1078 1622 1106 bria
1635 1079 1708 1106 sub-

1549 1118 1629 1145 dues
1643 1118 1700 1145 the

1550 1157 1691 1185 Britonsi

1550 1785 1682 1815 Defeats

1550 1825 1757 1862 AedanKing

1550 1864 1587 1891 of
1596 1865 1652 1893 the
1663 1866 1755 1894 Seots

1551 1904 1587 1930 of
1597 1904 1756 1933 Dalriada

1551 1945 1586 1970 at
1600 1944 1716 1979 Degsa—

272 1970 431 2019 aufugit
444 1970 467 2008 ⁷.
530 1969 742 2017 Siquidem
773 1968 818 2006 in
849 1969 935 2007 loco
966 1970 1237 2019 celeberrimo,
1277 1971 1347 2020 qui
1378 1972 1529 2010 dicitur
1551 1985 1635 2017 stan,
1653 1993 1718 2012 1η).

272 2037 508 2085 Degsasffln,
548 2035 588 2072 id
621 2036 682 2072 est
716 2035 850 2084 Degsa
883 2035 996 2084 lapis,
1035 2036 1170 2073 omnis
1208 2049 1311 2085 pene
1345 2037 1434 2075 eius
1467 2040 1527 2076 est

272 2100 438 2139 caesus.S
478 2100 686 2138 exercitus,
752 2099 805 2138 In
839 2113 918 2149 qua
952 2100 1076 2138 etiam
1114 2114 1252 2150 pugna
1289 2102 1524 2141 Theodbald

272 2166 394 2204 frater
421 2164 670 2203 Aedilfridi⁹
699 2178 793 2203 cum
820 2165 933 2203 omni
956 2165 1038 2213 illo,
1071 2180 1194 2215 quem
1222 2167 1309 2216 ipse
1338 2168 1521 2215 ducebat,

274 2231 451 2269 exercitu
479 2234 687 2281 peremtus
715 2233 787 2269 est.
849 2230 965 2278 Quod
991 2231 1182 2269 uidelicet
1205 2231 1363 2269 bellum
1388 2233 1524 2270 Aedil-

274 2295 374 2335 fridl
394 2310 502 2335 anno
523 2298 572 2335 ab
592 2297 871 2335 incarnatione
892 2296 1061 2334 Domini
1077 2297 1232 2345 DGIII,
1251 2298 1367 2347 regni
1387 2299 1525 2335 autem

316 2416 325 2433 ¹
349 2418 422 2449 aeb-
440 2419 476 2450 O.
587 2417 598 2434 2
621 2419 795 2448 rectorum
812 2416 853 2447 Ν1
868 2428 875 2455 ;
900 2418 1098 2448 brittonum
1115 2416 1170 2448 ΝΞ.
1287 2418 1298 2436 ³
1322 2418 1474 2449 fastabat
1491 2419 1527 2450 C.

274 2470 285 2487 ⁴
308 2470 497 2501 beneamin
519 2468 577 2500 M¹.
661 2469 672 2487 ⁵
696 2469 809 2500 eadan
825 2470 866 2500 N.
971 2468 982 2485 ⁶
1005 2471 1150 2507 scorum,
1178 2473 1196 2500 ι’,
1211 2481 1234 2501 e.
1252 2472 1454 2501 sanctorum
1472 2471 1527 2502 Nl.

272 2520 284 2538 ⁷
307 2523 422 2552 uictus
440 2525 566 2552 inserted
582 2525 668 2552 abore
684 2525 729 2551 the
745 2524 804 2552 line
820 2524 855 2550 in
871 2521 916 2552 M.
933 2523 1011 2558 aster
1022 2521 1170 2560 aufugiit.
1303 2521 1314 2538 ὃ
1337 2532 1452 2553 cessus
1470 2522 1526 2553 M1.

274 2576 345 2604 with
353 2575 468 2611 former
480 2583 496 2603 s
513 2576 628 2603 deleted.
717 2574 728 2591 ⁹
751 2573 930 2603 aebilfridi
947 2573 972 2604 C
988 2583 996 2611 ;
1019 2573 1241 2604 aedilbericti
1259 2574 1300 2604 N.

1552 2023 1611 2056 603.
