1803 2887
318 182 404 222 404
481 181 534 223 H
535 181 691 224 istoria
723 182 951 225 Abbatwm
981 187 1157 226 auctore
1188 183 1441 239 Anonymo.

317 301 502 336 traditum
544 304 601 337 est
641 303 858 338 uenerabile
902 315 1033 348 corpus
1079 303 1205 349 ipsius,
1244 303 1363 339 tribus
1406 303 1573 339 eiusdem

316 359 520 396 aecclesiae
540 360 764 403 custodibus,
785 361 891 396 iuxta
914 373 1064 402 morem,
1092 362 1267 398 excubias
1290 362 1293 407 Ι
1315 362 1437 397 noctis
1458 373 1573 407 agen·
1596 366 1617 396 f.
1633 375 1667 402 34
1681 376 1710 396 a.

315 417 426 460 tibus,
465 419 589 455 subito
626 419 827 465 flagrantia
852 420 939 454 miri
965 420 1085 455 odoris
1113 423 1234 455 totam
1265 420 1484 456 aecclesiam
1516 431 1572 455 re-

315 476 505 522 pleuerit;
534 481 662 513 secuta
687 477 736 513 sit
762 480 889 514 autem
916 481 954 514 et
980 479 1053 520 lux,
1073 491 1167 523 quae
1189 481 1227 514 et
1252 478 1333 524 ipsa
1358 491 1433 514 non
1458 490 1572 524 paruo

314 535 483 579 tempore
502 547 740 580 permanens,
758 537 913 572 tandem
939 539 1042 572 tecta
1067 536 1273 572 aecclesiae
1300 536 1480 581 petierit3
1508 535 1572 580 qui

314 592 497 629 citissime
534 594 674 640 egressi
709 596 748 630 et
782 598 1021 640 aspectantes
1054 595 1221 630 uiderint
1256 595 1414 630 eandem
1449 594 1572 630 lucem

314 652 450 687 cursim
462 653 584 688 caelos
596 656 739 697 petere,
757 653 811 688 ita
828 656 871 688 ut
887 654 1032 699 fulgore
1052 653 1168 698 ipsius
1183 656 1317 688 cuncta
1329 653 1370 687 in
1388 653 1549 688 circuitu
1560 653 1572 673 1

312 710 403 752 loca,
423 711 530 746 uelut
555 710 729 754 interdiu,
749 711 970 747 uiderentur
990 712 1198 753 inlustrata,
1218 714 1260 746 ut
1277 712 1404 756 palam
1422 712 1573 747 daretur

312 768 480 815 intelligi
514 769 705 805 ministros
740 772 917 806 aeternae
950 771 1044 806 lucis
1075 774 1113 806 et
1139 773 1345 815 perpetuae
1372 770 1571 805 suauitatis

311 827 486 870 adfuisse,
523 828 588 873 qui
618 829 745 864 sedem
780 829 901 864 sancti
936 829 1098 874 corporis
1132 841 1197 863 sua
1231 827 1450 863 uisitatione
1486 839 1570 863 con-

310 886 551 922 secrauerint.
602 887 709 922 Unde
736 900 815 923 mos
842 887 1031 923 increbuit
1066 887 1233 923 eiusdem
1259 887 1335 922 loci
1360 886 1501 929 incolis,
1528 889 1571 922 ut

309 954 376 986 per
393 942 540 987 singula
553 942 708 978 diurnae
727 943 790 978 uel
805 946 1009 978 nocturnae
1029 942 1208 978 orationis
1220 945 1401 988 tempora.
1416 943 1569 987 expleto

310 1000 519 1045 psalinodie
557 1001 658 1037 ritu²
691 1002 880 1043 canonico,
922 1014 1050 1037 omnes
1084 1001 1157 1035 uiri
1183 1002 1229 1036 ad
1264 1001 1434 1036 tumbam
1467 1001 1570 1037 illius

308 1059 561 1104 supplicaturi
578 1072 703 1106 genua
721 1062 878 1095 curuent
889 1059 912 1095 ³³.
963 1060 1035 1095 Sed
1054 1063 1090 1095 et
1110 1060 1185 1094 alia
1203 1060 1309 1105 signa
1331 1062 1369 1095 et
1387 1059 1569 1095 sanitates

308 1116 450 1153 ibidem
470 1119 586 1154 factas
604 1120 705 1153 fama
723 1118 905 1164 uulgauit,
920 1119 1083 1153 donante
1102 1118 1168 1154 illo
1187 1118 1250 1163 qui
1269 1121 1415 1153 sanctos
1434 1130 1515 1154 suos
1529 1121 1567 1155 et

308 1174 348 1210 in
366 1176 558 1220 praesenti
577 1179 765 1212 certantes
784 1176 925 1218 iuuare,
941 1179 979 1212 et
998 1175 1037 1210 in
1056 1177 1180 1212 futuro
1195 1177 1389 1212 consueuit
1404 1176 1566 1213 uictores

308 1245 484 1270 coronare
501 1234 524 1269 ⁴.
574 1235 695 1269 ΑΜΕΝ
710 1234 735 1270 ⁵.

348 1357 358 1373 ¹
382 1369 471 1398 quae
503 1360 542 1389 in
573 1360 723 1390 circuitu
753 1360 857 1390 erant
887 1359 914 1390 δ.
1098 1357 1110 1376 ²
1133 1360 1200 1390 rite
1232 1359 1279 1391 H.
1472 1361 1483 1378 ³
1507 1363 1565 1392 The

306 1422 324 1441 e
352 1414 455 1441 erased
481 1414 515 1441 in
542 1411 587 1441 H.
720 1410 731 1427 4
754 1411 865 1442 Ihesu
892 1411 1033 1442 Christo
1059 1411 1211 1442 Domino
1237 1413 1367 1451 nostro,
1396 1411 1457 1450 qui
1481 1422 1562 1443 cum

305 1462 408 1493 Patre
425 1464 460 1493 et
483 1463 619 1503 Spiritu
644 1463 774 1494 Sancto
797 1463 892 1494 uiuit
916 1464 951 1493 et
974 1465 1098 1503 regnat
1121 1464 1159 1493 in
1185 1464 1323 1494 saecula
1347 1464 1563 1495 saeculorum

304 1517 384 1545 adds
399 1515 426 1546 δ.
634 1515 645 1533 ⁵
670 1515 825 1554 Explicit
841 1516 919 1545 uita
936 1516 1147 1546 Sanctorum
1164 1516 1345 1545 Abbatum
1363 1515 1560 1556 Benedicti,

305 1566 486 1607 Ceolfridi,
503 1566 752 1606 Easteruuyni,
773 1567 931 1607 sigfridi,
952 1568 1056 1606 atque
1074 1568 1326 1607 Hwaetbyrhti
1341 1568 1390 1598 H.
1407 1578 1446 1598 on
1463 1567 1488 1599 f.
1504 1566 1563 1607 34¹²

303 1621 338 1648 in
354 1630 374 1649 a
390 1623 439 1649 not
455 1622 545 1649 much
561 1622 635 1650 later
650 1622 735 1650 hand
747 1631 756 1650 :
781 1619 1040 1650 Benedicamus
1058 1620 1221 1660 Domino,
1241 1620 1314 1650 Deo
1330 1621 1470 1660 gratias,
1489 1623 1562 1651 with

301 1673 431 1702 musical
446 1674 592 1703 ozotation.
