1803 2887
35 632 109 660 Luc.
126 630 190 659 xxi.

34 681 83 707 273
105 671 144 698 cf.

34 720 48 738 2
63 710 142 738 Tim.
160 709 200 737 iv.

36 760 66 784 13
90 759 99 777 1
117 749 184 777 Pet.

34 789 74 816 iv.
91 797 126 823 5,

34 828 128 863 Apoc.
143 827 160 856 i.
178 838 200 864 7.

89 1875 110 1902 f.
128 1882 159 1909 74
175 1874 203 1902 b.

229 185 304 216 CAP.
324 180 398 222 11L]
623 174 774 216 Gentis
806 175 1077 230 Anylorum.
1400 181 1480 220 211

228 293 427 332 iaculatur
459 293 628 343 fulgora,
668 294 717 332 de
754 294 864 333 caelo
895 296 1067 344 intonat,
1101 299 1147 335 ut·
1178 298 1402 348 terrigenas
1434 300 1484 337 ad

227 359 462 397 timendum
491 372 534 397 se
561 359 740 407 suscitet,
767 363 813 398 ut
845 362 964 399 corda
996 375 1138 400 eorum
1167 363 1211 400 in
1240 364 1484 401 memoriam

227 424 357 462 futuri
377 424 541 462 iudicii¹
564 427 726 463 reuocet
741 424 764 473 ²,
789 428 835 463 ut
862 427 1094 475 superbiam
1136 441 1278 466 eorum
1302 429 1480 478 dissipet,

227 492 268 527 et
296 490 513 527 conturbet
543 490 762 537 audaciam,
788 491 954 529 reducto
981 493 1031 530 ad
1059 496 1245 531 mentem
1270 495 1484 532 tremendo

227 554 299 592 illo
329 557 524 603 tempore,
556 555 720 604 quando
754 555 842 605 ipse
871 557 993 594 caelis
1022 571 1066 595 ac
1095 559 1216 596 terris
1244 559 1486 597 ardentibus

227 622 429 658 uenturus
450 621 508 657 est
534 620 578 657 in
602 620 793 669 nubibus,
818 621 862 659 in
890 624 1091 671 potestate
1114 637 1265 674 magna
1285 626 1325 662 et
1344 625 1485 662 maies-

226 687 320 733 tate,
346 686 395 723 ad
422 685 658 724 iudicandos
685 686 802 724 uiuos
829 689 867 725 et
895 690 1090 727 mortuos.
1151 689 1327 739 Propter
1350 690 1499 739 quod,'‘

226 751 372 800 inquit,
409 753 589 800 ‘oportet
619 764 694 788 nos
723 752 994 790 admonitioni
1024 754 1111 791 eius
1141 755 1314 803 caelesti,
1349 756 1487 793 debito

227 830 321 855 cum
352 818 500 855 timore
534 819 575 855 et
613 830 750 855 amore
788 819 1058 867 respondere3
1102 822 1158 868 ut,
1199 821 1359 870 quoties
1398 835 1488 859 aere

226 885 431 920 commoto
452 896 623 920 manum
645 883 761 932 quasi
780 883 830 921 ad
860 884 1091 922 feriendum
1118 886 1319 924 minitans
1345 887 1484 934 exerit,

226 961 300 986 nec
329 948 461 986 adhuc
491 950 630 986 tamen
661 949 850 998 percutit,
876 963 973 987 mox
1002 950 1258 1000 inploremus
1291 953 1378 990 eius
1412 953 1488 990 mi-

226 1013 496 1061 sericordiam,
534 1016 573 1051 et
605 1014 799 1052 discussis
832 1016 1140 1064 penetralibus4
1175 1018 1305 1055 cordis
1340 1017 1482 1066 nostri,

226 1081 348 1128 atque
377 1080 611 1129 expurgatis
641 1080 838 1118 uitiorum
869 1081 1096 1128 ruderibus,
1125 1083 1300 1128 solliciti,
1324 1096 1375 1121 ne
1402 1097 1488 1121 um-

227 1158 350 1193 quam
370 1146 528 1193 pereuti
549 1158 789 1193 mereamur,
815 1147 1011 1195 agamus.'

281 1211 484 1249 Conuenit
508 1213 646 1248 autem
676 1211 917 1248 reuelationi
945 1214 984 1249 et
1011 1211 1200 1250 relationi
1220 1214 1390 1262 praefati
1409 1214 1487 1252 fra-

227 1275 301 1313 tris
316 1276 364 1313 de
381 1275 494 1313 obitu
511 1276 633 1314 huius
648 1276 846 1314 antistitis
862 1276 986 1314 etiam
1007 1290 1141 1315 sermo
1162 1279 1488 1317 reuerentissimi

226 1341 353 1390 patris
384 1341 598 1391 Ecgbereti
611 1343 634 1389 5,
661 1342 710 1380 de
744 1356 823 1391 quo
853 1355 975 1391 supra
1007 1342 1198 1391 diximus,
1224 1344 1294 1393 qui
1329 1345 1487 1383 dudum

228 1420 323 1445 cum
353 1407 495 1445 eodem
517 1408 677 1446 Ceadda
696 1408 966 1455 adulescente,
996 1410 1035 1446 et
1060 1408 1146 1457 ipse
1175 1409 1415 1448 adulescens
1442 1411 1486 1448 in

227 1472 430 1510 Hibernia
448 1473 733 1511 monachicam
753 1473 797 1510 in
817 1474 1069 1511 orationibus
1095 1476 1134 1511 et
1156 1475 1421 1523 continentia,
1448 1479 1490 1514 et

228 1538 496 1576 meditatione
541 1539 777 1576 diuinarum
816 1539 1112 1588 scripturarum
1152 1540 1283 1578 uitam
1323 1541 1490 1578 sedulus

228 1604 381 1654 agebat.
444 1605 523 1642 Sed
556 1604 629 1642 illo
668 1606 935 1653 postmodum
972 1606 1147 1654 patriam
1186 1619 1361 1655 reuerso,
1402 1607 1490 1656 ipse

227 1671 466 1719 peregrinus
485 1684 558 1719 pro
575 1671 754 1708 Domino
770 1684 899 1720 usque
915 1671 964 1708 ad
980 1671 1108 1708 finem
1126 1671 1233 1709 uitae
1247 1673 1485 1721 permansit.

229 1736 334 1774 Cum
365 1750 459 1786 ergo
487 1737 644 1774 ueniret
671 1737 721 1774 ad
748 1750 843 1774 eum
871 1737 994 1786 longo
1024 1739 1115 1785 post
1145 1739 1332 1786 tempore
1362 1739 1491 1787 gratia

228 1801 478 1840 uisitationis
508 1802 558 1840 de
587 1802 794 1840 Brittania
813 1801 879 1840 uir
899 1802 1182 1840 sanctissimus
1209 1805 1248 1840 et
1277 1803 1490 1841 continen-

228 1867 426 1915 tissimus,
458 1865 462 1917 Ι
487 1868 684 1905 uocabulo
714 1867 923 1917 Hygbald,
949 1867 1019 1916 qui
1054 1870 1140 1905 erat
1167 1868 1291 1906 abbas
1325 1869 1371 1906 in
1403 1882 1490 1918 pro-

229 1932 365 1970 uincia
385 1933 575 1981 Lindissi,
601 1935 640 1970 et
661 1934 706 1970 ut
726 1935 889 1970 sanctos
910 1933 1087 1980 decebat,
1113 1934 1163 1971 de
1193 1933 1279 1971 uita
1305 1934 1492 1982 priorum

229 2002 394 2047 patrum
424 2012 657 2036 sermonem
677 1999 867 2046 facerent,
893 2000 1016 2047 atque
1046 1999 1151 2036 hane
1181 1999 1380 2036 aemulari
1401 2012 1493 2049 gau-

231 2064 384 2112 derent,
428 2064 654 2102 interuenit
691 2064 849 2102 mentio
895 2064 1219 2101 reuerentissimi
1266 2065 1464 2103 antistitis
1481 2065 1493 2085 ⁶

231 2130 399 2178 Ceadda,
438 2130 625 2179 dixitque
653 2130 898 2179 Eegberct5:
945 2129 1057 2167 ‘Scio
1090 2129 1305 2168 hominem
1340 2130 1384 2167 in
1418 2131 1494 2168 hae

230 2195 367 2233 insula
396 2195 528 2233 adhuc
554 2195 599 2232 in
626 2208 745 2233 carne
769 2196 1022 2240 manentem,
1045 2195 1126 2244 qui,
1152 2208 1245 2232 oum
1267 2195 1332 2233 uir
1351 2196 1422 2233 ille
1443 2197 1493 2234 de

231 2261 387 2299 mundo
414 2261 616 2309 transiret,
651 2260 757 2299 uidit
788 2260 971 2298 animam
1006 2260 1132 2298 Ceddi
1164 2261 1306 2298 fratris
1337 2261 1494 2310 ipsius⁷

232 2339 326 2364 cum
356 2326 521 2376 agmine
551 2326 793 2376 angelorum
827 2326 1099 2364 descendereg
1124 2326 1173 2364 de
1205 2326 1326 2374 caelo,
1358 2329 1399 2364 et
1430 2327 1494 2364 ad-

233 2393 370 2430 sumta
402 2405 541 2429 secum
571 2391 709 2430 anima
740 2391 838 2439 eius,
874 2391 925 2429 ad
959 2391 1147 2429 caelestia
1176 2405 1301 2441 regna
1333 2392 1492 2431 1·edire.'

278 2489 287 2506 ¹
312 2491 358 2520 -ci
375 2490 422 2521 M.
524 2489 536 2507 ²
559 2492 669 2521 -caret
685 2490 723 2522 C.
828 2490 840 2507 ³
863 2492 1012 2521 erexerit
1030 2491 1073 2522 N.
1176 2490 1187 2507 ⁴
1209 2491 1494 2531 penetrabilibus

235 2543 273 2573 C.
285 2542 338 2574 B2.
348 2543 405 2573 W.
493 2542 504 2559 ⁵
527 2543 713 2573 eeberht·C
730 2553 737 2581 3
761 2543 960 2582 egbrect-N.
1060 2542 1072 2560 ⁶
1094 2543 1138 2573 -ti
1156 2542 1214 2574 M1.
1300 2541 1309 2559 ¹
1334 2543 1433 2574 illius
1448 2543 1490 2583 N,

234 2598 298 2625 and
314 2597 349 2625 in
364 2595 404 2626 B.
421 2596 486 2634 ips.
503 2598 530 2625 is
545 2598 661 2625 written
677 2606 715 2626 on
731 2606 773 2626 αη
790 2606 924 2627 erasure.
1023 2594 1034 2611 ⁸
1057 2595 1236 2626 -dentium
1254 2595 1292 2626 C.

825 2664 891 2688 1²2

1513 1221 1624 1249 Vision
1640 1221 1676 1247 of

1512 1261 1565 1288 his
1579 1260 1679 1288 death

1512 1309 1587 1328 seen
1604 1300 1639 1326 in

1513 1339 1654 1368 Ireland.
