1803 2887
263 162 341 192 Cap·
358 157 431 198 IV.]
661 148 811 191 Gentis
842 147 1114 202 Awylorum.
1438 145 1520 186 133

262 265 349 303 chis
382 265 615 303 Scottorum
645 263 805 310 tradita,
842 276 888 300 eo
928 262 1036 311 quod
1076 261 1157 299 illis
1191 260 1521 309 praedicantibus

262 331 387 369 fidem
409 329 562 369 Christi
580 328 846 378 percepe1·int.'

747 495 868 534 CAP.
902 494 975 532 IV.

478 597 603 631 Quando
620 605 692 631 qens
707 596 859 623 Pie-torma
872 595 968 629 fidem
987 594 1097 621 Christi
1107 594 1269 628 perceperit
1281 590 1302 621 ¹.

316 684 525 729 Sua-mm
560 697 668 721 anno
704 682 997 720 incarnationis
1032 681 1258 719 dominicae
1289 680 1516 727 DOLX0V0‚

262 763 341 799 quo
389 752 571 798 tempore
617 748 940 798 gubernaculum
988 746 1167 784 Romani
1213 746 1375 795 imperii
1401 746 1404 795 J
1431 748 1522 795 post

262 815 545 853 Iustinianum
566 814 757 852 Iustinus
773 813 908 850 minor
927 811 1090 861 accepit,
1115 811 1229 849 uenit
1251 812 1300 849 de
1321 811 1522 850 Hibernia

261 880 473 930 presbyter
501 882 540 917 et
579 879 702 916 abbas
737 878 878 915 habitu
912 880 952 915 et
989 877 1075 914 uita
1107 876 1299 914 monachi
1333 876 1518 924 insignis,

262 945 433 984 nomine
472 945 671 983 Columba
705 944 964 991 Brittaniam,
1004 943 1309 992 praedicaturus
1349 942 1523 979 uerbum

264 1011 340 1048 Dei
368 1010 592 1059 prouinciis
617 1009 1005 1058 septentrionalium
1033 1008 1256 1055 Pictorum,
1282 1008 1357 1045 hoc
1381 1010 1442 1045 est
1467 1007 1525 1044 eis

264 1089 366 1126 quae
394 1076 530 1113 arduis
555 1077 676 1124 atque
704 1074 966 1111 horrentibus
995 1074 1204 1111 montium
1231 1073 1336 1122 iugis
1360 1073 1410 1110 ab
1433 1086 1523 1110 aus-

263 1141 434 1179 tralibus
455 1154 595 1178 eorum
617 1143 713 1177 sunt
734 1140 970 1189 regionibus
991 1141 1273 1188 sequestratae.
1336 1138 1524 1186 Namque

263 1207 342 1257 ipsi
369 1207 566 1244 australes
596 1205 714 1253 Picti,
747 1206 818 1254 qui
844 1205 953 1243 intra
987 1205 1151 1242 eosdem
1183 1206 1346 1242 montes
1370 1204 1523 1240 habent

265 1274 390 1319 sedes,
416 1272 548 1310 multo
570 1274 665 1309 ante
685 1273 881 1320 tempore,
907 1272 953 1308 ut
974 1270 1204 1319 perhibent,
1226 1269 1369 1307 relicto
1390 1282 1524 1306 errore

264 1338 484 1385 idolatriae,
524 1338 648 1375 fidem
681 1336 868 1374 ueritatis
898 1338 1144 1385 acceperant,
1178 1335 1438 1384 praedicante
1467 1334 1525 1371 eis

264 1405 438 1442 uerbum
463 1403 599 1452 Nynia
623 1403 811 1452 episcopo
838 1402 1169 1440 reuerentissimo
1197 1404 1236 1439 et
1265 1400 1522 1438 sanctissimo

264 1471 352 1508 uiro
373 1471 421 1508 de
441 1470 606 1507 natione
627 1469 888 1515 Brettomun,
914 1468 985 1517 qui
1005 1470 1091 1505 erat
1109 1467 1263 1504 Romae
1284 1466 1525 1514 regulariter

263 1537 389 1574 fidem
415 1538 454 1573 et
483 1535 681 1584 mysteria
705 1534 893 1571 ueritatis
917 1534 1112 1579 edoctus3
1142 1532 1258 1569 cuius
1282 1531 1421 1569 sedem
1447 1531 1526 1580 epi—

264 1604 463 1651 scopatus,
498 1600 628 1638 sancti
666 1599 833 1637 Martini
864 1597 1042 1647 episcopi
1082 1598 1252 1635 nomine
1287 1599 1326 1635 et
1361 1597 1527 1635 ecclesia

264 1667 482 1717 insignem7
520 1666 591 1703 ubi
624 1665 711 1714 ipse
741 1664 864 1702 etiam
899 1678 1064 1713 corpore
1097 1677 1179 1701 una
1211 1676 1306 1701 cum
1339 1662 1527 1711 pluribus

265 1733 419 1771 sanctis
442 1731 670 1780 requiescit,
705 1730 787 1767 iam
818 1743 927 1767 nunc
958 1729 1191 1779 Anglorum
1221 1742 1321 1778 gens
1352 1727 1522 1765 obtinet.

267 1799 347 1847 Qui
382 1799 505 1845 locus,
549 1798 599 1835 ad
638 1795 895 1845 prouinciam
940 1795 1226 1832 Berniciorum
1268 1793 1483 1842 pertinens
1499 1792 1522 1839 ²,

266 1865 391 1913 uulgo
412 1865 580 1901 uocatur
598 1863 666 1900 Ad
691 1861 917 1900 Candidam
942 1862 1097 1907 Casam,
1122 1874 1168 1898 eo
1195 1860 1303 1909 quod
1327 1858 1385 1896 ibi
1408 1858 1527 1895 eccle-

266 1930 371 1968 siam
391 1929 439 1967 de
459 1928 605 1976 lapide,
632 1927 802 1964 insolito
824 1926 1095 1964 Brettonibus
1116 1938 1229 1963 more
1250 1924 1400 1962 fecerit.

320 1995 447 2033 Uenit
477 1996 616 2031 autem
649 1992 901 2030 Brittaniam
932 1992 1139 2039 Columba,
1170 1992 1368 2039 regnante
1399 1989 1528 2027 Pictis

267 2062 410 2099 Bridio
435 2060 520 2098 filio
549 2058 791 2106 Meilochon‚
826 2071 917 2106 rege
943 2056 1242 2106 potentissimo,
1274 2069 1385 2093 nono
1420 2068 1528 2092 anno

268 2127 382 2177 regni
402 2127 498 2174 eius,
518 2129 766 2176 gentemque
785 2125 900 2162 illam
917 2124 1042 2161 uerbo
1062 2125 1102 2160 et
1123 2122 1312 2171 exemplo
1332 2121 1381 2158 ad
1402 2120 1528 2158 fidem

269 2192 420 2232 Christi
452 2191 678 2239 conuertit;
708 2191 818 2228 unde
852 2192 892 2227 et
922 2189 1147 2239 praefatam
1177 2187 1359 2224 insulam
1386 2186 1435 2223 ab
1470 2186 1528 2223 eis

270 2259 313 2296 in
347 2257 642 2307 possessionem
676 2255 917 2294 monasterii
949 2254 1128 2292 faciendi
1160 2252 1323 2302 accepit.
1386 2252 1529 2300 Neque

270 2324 382 2361 enim
408 2337 558 2372 magna
585 2325 657 2370 est,
682 2322 752 2359 sed
779 2321 895 2370 quasi
920 2320 1173 2358 familiarum
1200 2318 1390 2367 quinque,
1415 2317 1529 2354 iuxta

270 2389 627 2427 aestimationem³
675 2387 909 2436 Anglorum
927 2401 936 2433 ;
985 2399 1109 2434 quam
1152 2396 1403 2422 successores
1441 2382 1529 2420 eius

270 2467 398 2503 usque
435 2454 557 2491 hodie
595 2455 750 2500 tenent,
795 2452 865 2489 ubi
903 2454 943 2489 et
981 2451 1068 2500 ipse
1102 2449 1290 2499 sepultus
1323 2451 1394 2496 est,
1433 2461 1527 2486 cum

292 2575 302 2592 ¹
320 2576 459 2616 -ciperit
477 2576 522 2606 M.
567 2573 578 2591 ²
601 2575 647 2606 ad
660 2599 667 2605 .
680 2600 686 2605 .
700 2599 708 2606 .
721 2574 906 2614 pertinens
922 2576 1019 2604 added
1035 2583 1071 2603 οη
1090 2575 1213 2611 mccr91'n
1233 2571 1278 2602 M.
1336 2570 1347 2588 ³
1371 2580 1448 2600 -nes
1464 2570 1507 2600 N.

1548 688 1683 717 Mission
1699 691 1735 716 οἵ

1548 729 1704 756 Columba
1720 732 1753 755 to

1546 768 1604 796 the
1619 768 1732 795 north-

1547 816 1606 834 ern
1623 808 1720 835 Picts.

1547 856 1612 875 A.1›.
1630 849 1688 881 565.

1549 1404 1745 1432 Conversion

1550 1443 1585 1471 of
1596 1444 1653 1471 the

1550 1484 1709 1511 southern

1551 1523 1638 1550 Picts
1654 1523 1695 1555 by

1551 1562 1684 1596 Nynias.

1555 2192 1661 2219 Grant
1678 2192 1713 2217 of

1554 2232 1635 2258 Iona
1649 2235 1683 2258 to

1555 2271 1722 2299 Columba.
