1803 2887
230 193 309 223 Ciu».
329 189 438 230 x111.]
633 181 783 223 Gentis
814 180 1083 235 Awgylorum.
1405 180 1484 220 111

230 296 347 344 tium,
379 297 487 346 quod
514 296 751 345 promisisti,
784 296 914 333 facere
939 309 992 333 ne
1020 295 1193 342 differas,
1225 294 1486 343 suscipiendo

231 362 356 400 fidem
377 363 474 410 eius,
499 364 539 400 et
560 363 769 411 praecepta
790 361 1003 407 seruando,
1029 360 1101 410 qui
1120 363 1160 398 te
1182 362 1221 397 et
1242 373 1265 397 a
1285 362 1486 408 tempora-

231 427 340 465 libus
368 427 550 466 aduersis
577 427 767 476 eripiens,
791 427 1031 475 temporalis
1051 426 1168 475 regni
1188 426 1341 463 honore
1362 425 1487 462 subli-

231 493 383 537 mauit3
423 495 463 530 et
493 493 527 530 si
560 492 751 541 deinceps
781 492 989 530 uoluntati
1023 491 1120 539 eius,
1159 504 1283 540 quam
1314 504 1386 539 per
1420 503 1487 527 me

231 558 308 596 tibi
334 558 548 607 praedicat,
575 558 852 596 obsecundare
871 558 1062 604 uolueris,
1087 557 1211 594 etiam
1236 569 1258 593 a
1277 555 1486 605 perpetuis

230 624 434 661 malorum
454 623 674 661 tormentis
695 625 736 661 te
755 623 944 672 liberans,
969 624 1126 662 aeterni
1146 636 1284 661 secum
1305 622 1422 672 regni
1443 622 1486 659 in

231 688 350 726 caelis
369 689 511 726 faciet¹
534 702 620 726 esse
639 689 910 738 participem?

728 822 847 860 CAP.
873 822 998 862 ΧΠΙ.

232 922 320 959 Quale
344 923 505 951 consilium
531 924 609 951 idem
637 932 706 951 cum
724 924 915 958 primatibus
937 925 1004 953 suis
1027 925 1061 952 de
1081 925 1274 959 percipienda
1293 925 1356 958 fide
1381 924 1490 952 Chris-ti

413 976 553 1003 habuerit
563 985 575 1011 ;
598 977 623 1003 et
639 976 819 1011 mpontisex
834 977 900 1004 eius
915 985 990 1004 suas
1004 985 1078 1004 aras
1087 976 1315 1011 profanazcerii.

287 1051 450 1099 QUIBUS
470 1051 631 1099 auditis,
652 1065 723 1089 rex
743 1052 949 1101 suscipere
965 1053 1131 1102 quidem
1147 1067 1189 1091 se
1207 1053 1343 1100 fidem,
1365 1066 1488 1102 quam
1513 1063 1635 1090 Debate
1651 1063 1686 1090 in

232 1117 411 1165 docebat,
455 1119 494 1155 et
532 1117 641 1155 uelle
691 1120 731 1155 et
770 1118 915 1156 debere
953 1119 1238 1168 respondebat.
1300 1119 1460 1157 Uerum
1475 1118 1487 1136 ‘³
1512 1102 1705 1169 {ffiblffssrgh'

230 1183 362 1221 adhuc
389 1197 483 1221 cum
506 1183 649 1221 amicis
675 1183 931 1232 principibus
958 1186 998 1222 et
1028 1184 1269 1222 consiliariis
1293 1185 1378 1222 suis
1402 1197 1489 1223 sese
1512 1181 1671 1248 {2113}ssss
1685 1222 1718 1247 to

231 1249 281 1286 de
311 1249 387 1286 hoc
419 1248 678 1286 conlaturum
713 1262 800 1286 esse
830 1249 999 1297 dicebat·⁷
1033 1252 1091 1294 ut,
1121 1250 1157 1288 si
1186 1251 1225 1288 et
1254 1250 1318 1288 illi
1347 1242 1489 1288 eadem
1512 1242 1569 1304 iim
1584 1260 1680 1305 adpp-

88 1326 107 1352 f.
126 1327 162 1360 38
175 1325 204 1352 b.
231 1327 326 1351 cum
346 1314 417 1352 illo
438 1314 590 1352 sentire
618 1314 784 1362 uellent,
813 1328 955 1352 omnes
982 1314 985 1365 Ι
1010 1316 1161 1365 pariter
1180 1317 1224 1353 in
1244 1316 1358 1354 fonte
1378 1316 1488 1354 uitae
1512 1299 1636 1367 ἓξὲξ

232 1380 395 1418 Christo
429 1381 770 1418 consecrarentur.
833 1380 888 1418 Et
918 1380 1125 1418 adnuente
1156 1381 1342 1429 Paulino,
1377 1382 1484 1430 fecit,
1513 1378 1628 1411 ianity.

231 1448 277 1483 ut
312 1446 479 1483 dixerat.
540 1445 696 1483 Habito
731 1445 841 1483 enim
877 1459 969 1483 cum
1010 1445 1266 1494 sapientibus
1304 1447 1483 1495 consilio,

231 1510 510 1548 sciscitabatur
542 1511 785 1560 singillatim
819 1511 868 1548 ab
899 1511 1100 1559 omnibus,
1136 1512 1266 1560 qualis
1295 1512 1374 1549 sibi
1403 1512 1490 1549 doc-

79 1584 118 1628 eij.
135 1582 206 1610 Act.
231 1576 342 1614 trina
369 1576 467 1613 haec
495 1578 665 1614 eatenus
691 1576 887 1624 inaudita,
916 1578 956 1614 et
985 1589 1120 1614 nouus
1145 1577 1388 1624 diuinitatis,
1420 1577 1490 1626 qui

79 1631 142 1650 x1x.
162 1632 193 1659 19
232 1642 552 1691 praedicabatur,
577 1642 713 1679 cultus
732 1642 954 1680 uideretur.

288 1707 364 1745 Cui
383 1707 543 1756 primus
568 1708 814 1756 pontificum
840 1707 968 1756 ipsius
989 1708 1090 1746 Coifi
1113 1708 1310 1746 continuo
1330 1722 1494 1757 respon-

234 1773 295 1811 dit
314 1787 322 1811 :
348 1774 356 1791 ⁶
373 1773 434 1811 Tu
450 1773 554 1820 uide,
574 1786 655 1821 rex,
674 1773 791 1822 quale
804 1773 956 1819 sithoc,
977 1775 1085 1822 quod
1106 1774 1225 1811 nobis
1245 1774 1368 1811 modo
1384 1787 1492 1822 prae-

233 1838 415 1886 dicatur;
445 1852 517 1887 ego
538 1840 678 1876 autem
698 1839 775 1876 tibi
794 1839 1019 1887 uerissime,
1045 1841 1153 1888 quod
1175 1842 1332 1877 certum
1353 1839 1485 1887 didici,

232 1904 434 1952 profiteor,
461 1904 554 1953 quia
574 1904 682 1941 nihil
710 1905 880 1942 omnino
907 1904 1075 1942 uirtutis
1100 1905 1233 1952 habet,
1258 1905 1363 1942 nihil
1384 1905 1491 1943 utili-

233 1969 330 2007 tatis
363 1969 508 2019 religio
541 1969 623 2017 illa⁷
658 1983 782 2018 quam
814 1970 1026 2019 hucusque
1058 1971 1279 2008 tenuimus.
1341 1970 1491 2008 Nullus

234 2035 347 2072 enim
381 2037 548 2073 tuorum
580 2035 807 2073 studiosius
841 2048 963 2084 quam
997 2049 1071 2085 ego
1102 2036 1285 2074 culturae
1320 2037 1491 2074 deorum

234 2102 469 2138 nostrorum
489 2113 530 2138 se
551 2100 735 2138 subdidit
752 2116 759 2148 ;
790 2102 830 2138 et
850 2100 1125 2139 nihilominus
1145 2102 1268 2139 multi
1288 2105 1396 2148 sunt,
1420 2103 1491 2151 qui

233 2165 432 2214 ampliora
451 2179 473 2203 a
493 2169 533 2203 te
554 2166 751 2204 beneficia
776 2179 899 2214 quam
921 2180 1004 2216 egO,
1030 2168 1070 2204 et
1089 2167 1264 2205 maiores
1284 2167 1491 2216 accipiunt

236 2231 467 2280 dignitates,
504 2231 719 2280 magisque
750 2234 1044 2280 prosperantur
1074 2232 1119 2269 in
1150 2233 1352 2279 omnibus,
1389 2246 1491 2282 quae

236 2296 390 2345 agenda
410 2296 477 2334 uel
489 2296 740 2345 adquirenda
756 2297 992 2346 disponunt.
1054 2297 1096 2336 Si
1113 2300 1251 2336 autem
1265 2298 1322 2336 dii
1335 2299 1490 2348 aliquid

236 2361 431 2410 ualerent,
455 2375 522 2399 me
552 2362 688 2411 potius
716 2363 860 2400 iuuare
883 2362 1050 2411 uellent,
1076 2363 1147 2412 qui
1172 2363 1257 2401 illis
1280 2364 1492 2413 inpensius

237 2427 388 2465 seruire
408 2427 557 2466 curaui.
618 2427 741 2466 Unde
760 2429 898 2476 restat,
921 2430 969 2466 ut
988 2428 1023 2466 si
1042 2442 1098 2475 ea,
1119 2443 1222 2478 quae
1241 2443 1352 2468 nunc
1372 2430 1493 2469 nobis

236 2506 343 2530 noua
381 2493 676 2542 praedicantur,
714 2493 885 2531 meliora
923 2507 1012 2532 esse
1049 2496 1091 2532 et
1128 2495 1308 2544 fortiora,
1351 2495 1493 2534 habita

454 2600 464 2617 ¹
490 2600 574 2631 facit
590 2601 634 2632 M.
655 2602 713 2642 ΗΓ
898 2600 909 2618 ²
933 2612 1067 2638 uerum,
1084 2607 1187 2634 erased
1199 2606 1233 2634 in
1249 2603 1295 2634 M.
