1803 2887
27 1592 145 1621 Matth.

26 1641 76 1660 xv.
95 1642 118 1667 3.

27 1916 68 1945 ib.
88 1926 126 1951 13-

30 2106 72 2137 ib.
87 2108 140 2136 vii.
157 2118 198 2143 13,

31 2157 74 2183 ¹4·

557 158 823 214 Ecybcrtum
853 158 897 198 E
891 157 1140 212 piscopum.
1394 155 1474 195 421

223 275 330 324 quod
351 276 412 313 est
432 275 638 313 idolorum
664 273 852 319 seruitus,
878 285 961 309 non
991 270 1114 308 habet
1140 269 1408 307 hereditatem
1435 268 1479 305 in

221 354 347 389 regno
368 340 521 379 Christi
547 342 587 377 et
607 339 711 377 Dei)
768 338 873 376 Cum
903 349 997 385 ergo
1025 334 1236 383 apostolus
1263 333 1479 371 auaritiam

222 408 261 443 et
290 406 551 455 rapacitatem
580 394 813 442 idolatriam
844 401 1061 439 manifeste
1088 398 1360 448 cognominet,
1386 411 1481 447 quo-

220 471 342 508 modo
365 471 596 520 putandum
620 472 681 507 est
703 481 857 506 errasse
883 480 951 504 eos
966 466 987 514 ¹,
1013 465 1084 514 qui
1112 465 1179 502 uel
1206 465 1253 502 a²
1283 463 1482 512 subscrip-

220 536 334 574 tione
368 536 481 573 auari
519 537 733 581 mercatus,
772 546 865 582 rege
902 532 997 569 licet
1035 531 1274 579 imperante,
1308 542 1481 566 manum

220 601 506 649 subtraxerint,
545 601 612 638 uel
641 600 690 637 ad
720 599 918 637 radendas
931 599 942 615 ³
974 596 1143 634 inutiles
1182 595 1402 644 scripturas
1436 607 1480 632 ac

220 666 538 715 subscriptiones
558 679 710 713 earum,
734 677 905 702 manum
925 662 1221 712 apposuerint?

278 744 336 779 17.
371 732 424 769 Et
456 731 648 781 quidem*
682 729 871 768 miranda
908 731 969 766 est
1000 727 1211 765 temeritas
1241 726 1474 773 stultorum,

221 797 287 834 uel
317 798 453 846 potius
488 797 673 835 deflenda
703 795 869 833 miseria
902 806 1123 839 caecorum,
1160 792 1232 841 qui
1263 805 1357 829 cum
1390 792 1478 829 sine

222 862 306 913 ullo
330 865 518 911 respectu
540 861 707 911 superni
727 860 898 905 timoris,
924 859 1077 909 passim
1098 872 1143 896 ea
1162 858 1311 896 cotidie
1326 858 1348 904 ²,
1375 870 1478 906 quae

219 928 393 977 apostoli
412 942 456 965 ac
476 928 698 976 prophetae
718 927 854 964 afflatu
872 925 1012 963 Sancti
1028 925 1205 974 Spiritus
1218 924 1478 973 scripserunt,

221 994 449 1031 rescindere
469 1007 513 1031 ac
534 993 678 1031 nichili
694 992 870 1041 pendere
891 992 1116 1040 probantur
1133 1004 1141 1037 3
1171 990 1273 1027 illud
1291 1003 1311 1026 e
1328 991 1478 1030 contra,

222 1059 330 1108 quod
346 1059 449 1108 ipsi⁶
471 1059 536 1096 uel
557 1058 714 1096 similes
734 1058 918 1107 ipsorum
931 1058 942 1076 ⁷
963 1057 1165 1094 instinctu
1194 1054 1388 1093 auaritiae
1415 1054 1482 1091 uel

221 1125 405 1162 luxuriae
419 1124 679 1172 scripserunt,
699 1123 815 1173 quasi
836 1125 1024 1160 sanctum
1040 1135 1084 1160 ac
1100 1121 1302 1159 diuinitus
1316 1122 1482 1158 cautum

221 1190 381 1227 eradere
401 1192 523 1238 atque
544 1190 761 1226 emendare
776 1188 1010 1235 formidant,
1029 1188 1072 1225 in
1092 1200 1262 1234 morem,
1283 1186 1327 1223 ni
1347 1186 1477 1233 fallor,

221 1256 490 1302 ethnicorum,
520 1255 600 1304 qui.
632 1257 868 1303 contempto
902 1254 1012 1291 ueriS
1043 1253 1121 1291 Dei
1151 1253 1275 1299 cultu,
1304 1265 1348 1289 ea
1381 1264 1484 1300 quae

221 1321 299 1370 ipsi
328 1320 406 1358 sibi
437 1321 486 1358 de
516 1321 634 1358 corde
664 1334 737 1358 suo
772 1320 982 1358 finxerunt
1013 1333 1057 1357 ac
1089 1319 1284 1364 fecerunt,
1310 1316 1483 1355 numina

223 1388 486 1433 uenerantur,
534 1386 694 1431 timent,
747 1386 899 1432 colunt,
951 1386 1133 1431 adorant,
1177 1386 1217 1422 et
1255 1384 1478 1430 obsecrant,

223 1452 427 1490 dominica
455 1452 527 1489 illa
550 1451 820 1489 insectatione
837 1452 849 1469 ⁹
880 1451 1124 1499 dignissimi,
1151 1463 1230 1499 qua
1251 1448 1479 1491 Phariseos,

223 1531 317 1555 cum
339 1531 433 1555 suas
454 1517 686 1555 deuteroses
700 1516 726 1535 ¹⁰
745 1517 823 1566 legi
842 1517 917 1554 Dei
930 1517 1238 1565 praeponerent,
1260 1514 1478 1564 redarguit,

224 1584 390 1621 dicens:
425 1584 433 1600 ⁴
451 1583 582 1630 Quare
612 1585 651 1620 et
681 1596 754 1620 uos
783 1582 1117 1632 transgredimini
1145 1581 1387 1619 mandatum
1408 1579 1485 1617 Dei

222 1651 388 1698 propter
406 1649 671 1686 traditionem
688 1651 868 1686 uestram
886 1650 905 1687 ⁶?
921 1649 929 1663 ’
979 1648 1057 1696 Qui
1078 1648 1112 1685 si
1126 1647 1147 1665 ¹¹
1170 1647 1294 1685 etiam
1315 1648 1443 1684 cartas
1457 1644 1483 1663 ¹²⁷·

221 1714 468 1763 protulerint
488 1714 533 1751 in
560 1714 843 1752 defensionem
869 1713 1290 1762 concupiscentiarum
1314 1724 1483 1750 suarum

222 1781 455 1829 adscriptas,
480 1793 525 1817 ac
548 1780 751 1817 nobilium
776 1793 1044 1829 personarum
1069 1778 1365 1828 subscriptione
1395 1791 1484 1815 con·

224 1846 436 1892 firmatas;
471 1847 518 1882 tu
552 1859 777 1894 nunquam,
812 1859 964 1894 precor,
1000 1845 1228 1883 dominicae
1259 1843 1484 1882 sanctionis

225 1911 488 1958 obliuiscaris,
507 1924 586 1959 qua
599 1910 609 1927 ¹
641 1911 790 1949 dicitur
806 1926 814 1949 :
849 1912 856 1928 ⁴
872 1911 1018 1949 Omnis
1031 1910 1244 1959 plantatio,
1262 1923 1385 1959 quam
1399 1922 1484 1947 non

223 1977 426 2026 plantauit
448 1976 572 2014 Pater
591 1989 708 2014 meus
729 1976 920 2023 caelestis,
946 1976 1242 2014 eradicabitur.'
1300 1976 1353 2013 Et
1375 1977 1484 2012 certe

222 2055 245 2080 a
264 2044 305 2080 te
320 2042 473 2079 discere
492 2042 655 2089 uellem,
676 2042 940 2079 dilectissime
956 2043 979 2061 ¹⁴
999 2041 1182 2089 antistes,
1201 2041 1379 2079 Domino
1399 2053 1486 2089 pro-

224 2110 402 2145 testante
428 2121 472 2145 ac
499 2107 671 2154 dicente,
697 2107 791 2156 quia
816 2107 917 2145 ‘lata
936 2110 1053 2156 porta
1075 2110 1114 2145 et
1135 2106 1313 2155 spatiosa
1329 2106 1394 2143 uia
1408 2108 1479 2152 est,

225 2187 326 2222 quae
353 2173 464 2211 ducit
490 2173 539 2210 ad
559 2173 846 2222 perditionem,
873 2175 912 2210 et
933 2173 1057 2210 multi
1087 2175 1195 2220 sunt,
1230 2172 1300 2221 qui
1329 2171 1486 2210 intrant

222 2253 294 2288 per
314 2253 433 2287 eam;
464 2252 587 2288 quam
612 2241 786 2288 angusta
809 2241 926 2288 porta
957 2241 997 2276 et
1029 2241 1115 2276 arta
1145 2238 1213 2275 uia
1244 2240 1305 2276 est
1322 2238 1360 2286 ¹⁵,
1386 2250 1488 2287 quae

224 2306 335 2343 ducit
350 2306 399 2343 ad
416 2305 555 2353 uitam,
574 2308 614 2342 et
629 2305 747 2354 pauci
763 2305 903 2353 sunt,¹⁶
918 2305 988 2354 qui
1004 2304 1224 2342 inueniunt
1238 2304 1366 2351 eam',
1391 2303 1488 2353 quid

269 2399 279 2415 ¹
304 2411 360 2431 eos
376 2411 443 2432 err.
461 2401 506 2432 Μ.
594 2400 605 2416 ²⁷
629 2411 648 2431 3
665 2411 722 2431 om.
744 2401 789 2431 H.
877 2400 888 2417 ³
912 2400 1009 2431 erad—
1026 2400 1072 2431 M.
1162 2399 1172 2417 4
1196 2399 1341 2438 quidem
1358 2410 1416 2430 om.
1438 2400 1484 2430 M.

225 2453 236 2470 ⁵
260 2451 388 2483 cotidie
406 2463 463 2484 om.
482 2453 527 2484 M.
629 2452 640 2469 ⁶
664 2454 750 2493 ipsis
767 2453 813 2484 M.
906 2450 917 2468 ⁷
956 2463 1078 2483 eorum
1095 2452 1140 2483 M.
1230 2451 1241 2468 ⁸
1264 2453 1340 2482 ueri
1356 2462 1413 2483 om.
1436 2452 1481 2483 M.

225 2505 235 2522 ⁹
259 2505 451 2535 infectione
468 2506 514 2536 H.
532 2505 577 2536 M.
744 2505 764 2521 ¹⁰
787 2515 856 2536 -sas
874 2505 908 2535 H
926 2516 933 2543 ;
959 2508 1021 2536 -sis
1037 2505 1082 2537 M.
1208 2502 1230 2520 ¹¹
1255 2505 1354 2543 quasi
1373 2504 1418 2534 H.
1436 2504 1482 2535 M.

226 2554 249 2571 ¹²
273 2557 308 2587 H
326 2560 357 2586 at
365 2560 438 2593 first
453 2561 537 2587 wrote
553 2558 691 2588 caritas.
798 2557 820 2574 ¹³
844 2558 882 2587 in
901 2567 969 2596 qua
986 2557 1032 2588 M.
1148 2556 1170 2573 Η
1195 2556 1416 2586 sanctissime
1436 2556 1481 2586 M.

226 2610 251 2629 ¹⁵
275 2613 326 2642 est
344 2622 402 2642 om.
420 2611 467 2642 H.
544 2612 567 2630 ¹⁶
590 2612 663 2642 sint
680 2612 738 2650 H;
761 2623 819 2642 om.
840 2612 886 2643 M.

1503 736 1569 763 The
1586 745 1675 764 same

1502 775 1691 805 continued.
