1803 2887
292 160 376 199 232
656 157 862 199 Historia
891 156 1198 199 Ecclesiastica
1390 163 1475 204 [Lm.
1492 167 1547 198 lv,

293 270 393 309 retia
413 271 650 319 acceperant
664 268 686 318 ¹,
707 272 874 307 centum
894 269 937 307 in
954 283 1049 307 suos
1070 283 1167 307 usus
1182 269 1399 307 habebant.
1461 269 1549 316 Quo

292 336 491 374 beneficio
530 336 711 373 multum
749 335 948 372 antistes²
996 348 1063 373 cor
1110 335 1297 373 omnium
1345 335 1389 372 in
1427 347 1550 372 suum

296 402 497 440 conuertit
517 414 710 448 amorem,
735 403 775 438 et
795 401 992 438 libentius
1012 414 1057 438 eo
1084 401 1342 449 praedicante
1363 399 1551 438 caelestia

295 480 454 516 sperare
489 468 718 515 coeperunt,
757 466 872 503 cuius
905 466 1135 503 ministerio
1168 465 1411 514 temporalia
1444 464 1552 502 bona

295 534 543 570 sumserunt.

68 602 216 647 lfounda-
351 595 438 642 Quo
458 596 641 643 tempore
662 606 725 632 rex
739 594 985 631 Aedilualch
999 594 1012 612 ³
1033 593 1202 631 donauit
1218 592 1552 631 reuerentissimo

67 642 185 714 Ξὲἷζθῗ
296 660 473 698 antistiti
507 660 686 698 Uilfrido
721 663 863 697 terram
894 660 1158 697 LXXXVII
1187 659 1448 706 familiarum,
1483 658 1554 696 ubi

296 739 391 764 suos
419 725 621 771 homines,
647 725 717 774 qui
744 725 883 763 exules
908 725 1168 774 uagabantur,
1196 725 1374 773 recipere
1403 725 1551 772 posset,

296 791 493 829 uocabulo
528 790 729 828 Selaeseu⁴
760 791 868 839 quod
903 790 1052 828 dicitur
1087 790 1232 827 Latine
1264 789 1399 827 insula
1432 788 1555 826 uituli

297 856 456 894 marini.
518 857 592 894 Est
623 857 735 894 enim
769 857 882 894 locus
920 856 1102 905 undique
1140 856 1245 894 mari
1282 855 1572 892 circumdatus·

298 926 457 972 praeter
490 923 539 960 ab
574 923 794 971 occidente,
837 924 945 960 unde
982 923 1105 960 habet
1143 922 1376 971 ingressum
1415 920 1556 969 ampli-

298 988 457 1026 tudinis
495 989 610 1037 quasi
649 988 777 1026 iactus
815 989 991 1035 fundae;
1027 989 1160 1037 qualis
1197 988 1309 1025 locus
1339 986 1557 1024 a'Latinis

297 1055 548 1106 paeninsula,
577 1068 600 1092 a
628 1055 769 1091 Grecis
800 1055 903 1092 solet
933 1055 1195 1091 cherronesos
1225 1052 1369 1091 uocari.
1430 1052 1557 1090 Hunc

298 1135 392 1171 ergo
412 1122 549 1158 locum
574 1134 667 1159 cum
694 1120 913 1168 accepisset
941 1120 1153 1169 episcopus
1180 1119 1344 1166 Uilfrid,
1362 1119 1557 1166 fundauit

300 1186 357 1224 ibi
378 1186 685 1233 monasterium,
710 1199 755 1223 ac
782 1185 960 1234 regulari
980 1186 1065 1222 uita
1091 1185 1281 1231 instituit,
1308 1183 1487 1221 maxime
1508 1183 1557 1221 eii

301 1251 376 1298 his,
421 1253 547 1300 quos⁵
587 1264 725 1289 secum
763 1251 996 1298 adduxerat,
1031 1251 1256 1298 flatribus5
1304 1250 1403 1297 quod
1439 1261 1558 1296 usque

300 1318 409 1355 hodie
443 1330 694 1354 successores
731 1319 812 1355 erius
850 1318 988 1353 tenere
1026 1318 1262 1353 noscuntur.
1325 1315 1432 1352 Nam
1471 1314 1558 1362 ipse

301 1382 383 1419 illis
413 1382 457 1419 in
488 1382 672 1431 partibus
701 1395 833 1420 annos
861 1382 909 1429 V,
940 1382 1017 1419 hoc
1052 1383 1112 1418 est
1141 1394 1271 1430 usque
1300 1381 1349 1418 ad
1380 1381 1557 1417 mortem

302 1448 484 1496 Ecgfridi
537 1448 652 1497 regis,
684 1448 832 1485 merito
861 1447 1055 1485 omnibus
1083 1446 1346 1493 honorabilis,
1378 1445 1557 1482 officium

303 1513 559 1562 episcopatus
579 1515 619 1551 et
643 1513 766 1551 uerbo
793 1513 1003 1551 exercebat
1030 1515 1070 1550 et
1097 1526 1227 1561 opere.
1289 1512 1343 1549 Et
1364 1511 1560 1560 quoniam

304 1579 389 1616 illi7
429 1592 501 1616 rex
539 1592 634 1616 cum
667 1579 847 1627 praefata
880 1578 958 1615 loci
988 1578 1242 1627 possessione
1276 1589 1429 1624 omnes,
1463 1575 1562 1625 qui'3

304 1644 459 1682 ibidem
491 1647 616 1692 erant,
651 1644 865 1682 facultates
896 1657 991 1681 cum
1022 1643 1131 1693 agris
1160 1645 1200 1681 et
1232 1642 1471 1680 hominibus
1499 1642 1562 1679 do-

306 1710 432 1757 nauit,
466 1723 610 1747 omnes
637 1709 717 1747 fide
742 1710 897 1748 Christi
923 1710 1147 1756 institutos,
1172 1709 1284 1746 unda
1303 1706 1563 1756 baptismatis

306 1775 465 1822 abluit;
495 1775 603 1813 inter
624 1788 735 1824 quos,
762 1788 901 1813 seruos
932 1777 972 1812 et
999 1774 1168 1812 ancillas
1195 1772 1417 1812 ducentos⁹
1449 1772 1564 1822 quin-

308 1841 530 1890 quaginta3
561 1854 663 1889 quos
694 1854 837 1878 omnes
860 1842 905 1878 ut
934 1840 1177 1889 baptizando
1203 1852 1226 1877 a
1250 1839 1448 1876 seruitute
1478 1838 1564 1875 dae-

307 1907 469 1944 monica
506 1906 691 1951 saluauit,
733 1907 857 1944 etiam
896 1906 1085 1943 libertate
1124 1905 1314 1942 donando
1361 1904 1566 1941 humanae

307 1971 402 2021 iugo
423 1972 636 2010 seruitutis
655 1972 843 2010 absoluit.

776 2123 915 2177 [OAP.
942 2125 1046 2162 XIV
1062 2124 1097 2162 ·0.

415 2228 451 2256 Ut
468 2228 673 2256 z'nrercessione
691 2227 817 2255 Osualdi
831 2227 910 2262 regis
919 2226 1063 2262 pestcjs'era
1079 2227 1248 2253 mortalitas
1263 2226 1302 2253 sit
1317 2222 1466 2263 sublata]

83 2327 217 2355 Miracle
233 2328 268 2354 ab
366 2316 416 2354 IN
449 2330 529 2366 quo
561 2318 660 2354 tunc
695 2315 943 2353 monasterio
973 2314 1173 2352 nonnulla
1201 2313 1386 2351 caelestis
1414 2313 1568 2362 gratiae

84 2368 200 2401 Selsey.
312 2382 417 2420 dona
455 2382 683 2431 specialiter
722 2383 884 2419 ostensa
922 2380 1046 2417 fuisse
1086 2379 1380 2428 perhibentur3
1426 2379 1569 2428 utpote

782 2434 799 2453 ιδ

390 2482 488 2511 -runt
506 2481 541 2514 O.
556 2484 620 2511 aad
635 2491 665 2511 so
681 2483 793 2517 atfirsc
811 2480 857 2511 M.
917 2478 928 2495 ²
952 2479 1095 2510 antistis
1113 2479 1159 2510 M.
1218 2478 1229 2495 3
1252 2477 1354 2508 -ualh
1372 2477 1410 2508 C.
1484 2476 1494 2494 4
1519 2487 1568 2507 se-

313 2533 376 2563 les·
394 2533 419 2563 C
438 2543 445 2570 ;
473 2534 596 2564 selaes-
613 2533 643 2563 N
659 2543 666 2571 3
698 2533 758 2563 -ei-
777 2532 830 2563 13²¹.
898 2531 909 2549 ⁵
934 2533 1014 2570 quis
1033 2531 1092 2562 M1.
1174 2530 1185 2546 ⁶
1208 2540 1262 2569 eg·
1280 2531 1323 2562 N.
1383 2528 1394 2545 ⁷
1430 2529 1503 2560 illis
1520 2529 1567 2560 M.

314 2585 325 2603 Β
348 2594 436 2624 quae
454 2586 489 2616 C.
510 2585 549 2616 N.
638 2586 649 2601 *³
673 2587 740 2615 -tas
757 2584 795 2615 C.
884 2582 907 2600 ¹⁰
930 2584 1041 2614 There
1058 2585 1088 2613 is
1105 2592 1124 2613 a
1141 2583 1229 2622 good
1246 2582 1324 2613 deal
1342 2582 1380 2613 of
1393 2582 1568 2622 diversity

356 2477 365 2495 1
