1803 2887
241 165 320 196 CAP.
335 161 412 203 IX.]
663 154 720 197 Ge
728 155 815 197 ntis
847 156 1118 211 Anylorum.
1414 157 1495 197 221

238 283 329 308 eam
362 271 532 309 nomine
565 272 680 321 quasi
710 273 966 320 praesentem
995 271 1221 321 alloquens,
1260 271 1455 320 ‘Eadgyd
1469 270 1492 319 ¹,

237 335 420 386 Eadgyd,
438 336 608 386 Eadgyd
623 337 631 351 '
650 351 658 384 ;
679 339 718 374 et
738 337 795 374 sic
815 337 1042 375 terminans
1057 336 1328 386 temporalem
1348 336 1490 383 uitam,

237 401 410 439 intrauit
429 403 650 440 aeternam.
711 403 770 440 At
790 403 907 452 uirgo
933 402 1014 449 illa,
1041 415 1165 451 quam
1185 403 1365 439 moriens
1385 415 1498 440 uoca-

235 465 314 513 bat,
338 480 436 504 mox
463 467 508 504 in
536 467 636 515 loco,
661 481 741 516 quo
768 469 863 515 erat,
889 467 1032 505 eadem
1057 467 1215 505 adtacta
1240 467 1492 512 infirmitate,

234 531 335 580 ipso,
370 545 450 581 quo
479 533 682 571 uocitata²
710 534 772 570 est
801 533 866 570 die
896 533 946 570 de
980 533 1054 570 hac
1084 532 1175 570 luce
1204 532 1422 579 subtracta,
1458 534 1497 570 et

233 596 368 644 illum,
395 597 465 646 qui
485 610 528 635 se
547 599 720 646 uocauit,
745 599 795 636 ad
819 612 995 648 regnum
1016 598 1186 636 caeleste
1207 599 1346 636 secuta
1366 600 1437 636 est.

288 662 398 700 Item
420 664 618 713 quaedam
639 677 688 701 ex
709 664 865 702 eisdem
884 663 1053 701 ancellis
1068 664 1155 711 Dei,
1174 677 1269 701 cum
1289 664 1468 712 praefato
1482 663 1494 683 ³

233 728 341 766 taeta
369 729 523 777 morbo,
547 732 670 778 atque
698 729 748 767 ad
779 731 961 767 extrema
991 731 1098 767 esset
1126 729 1332 778 perducta,
1361 729 1493 778 coepit

188 830 191 832 .
235 793 370 831 Subito
408 795 511 832 circa
544 796 725 833 mediam
758 797 922 832 noctem
957 794 1130 832 clamare
1163 794 1239 836 his,
1279 808 1382 843 quae
1414 794 1494 832 sibi

232 859 534 908 ministrabant,
561 863 716 910 petens,
741 863 787 898 ut
816 861 1038 907 lucernam,
1064 873 1166 909 quae
1194 860 1298 898 inibi
1326 873 1494 898 accensa

231 927 326 973 erat,
352 926 648 975 extinguerent.
710 926 827 974 Quod
857 939 952 963 cum
981 925 1189 974 frequenti
1214 938 1313 963 uoce
1341 928 1493 974 repete-

231 993 304 1038 ret,
329 1004 404 1029 nee
432 988 572 1030 tamen
601 993 638 1030 ei
666 992 816 1040 aliquis
845 991 1156 1040 obtemperaret,
1180 991 1231 1028 ad
1258 993 1491 1030 extremum

231 1056 376 1094 intulit
394 1071 402 1095 :
437 1057 561 1105 ‘Sci0,
587 1057 694 1107 quod
721 1070 788 1094 me
813 1057 913 1094 haee
932 1057 1076 1094 insana
1096 1058 1236 1094 mente
1257 1056 1371 1106 loqui
1391 1057 1492 1095 arbi—

231 1122 426 1171 tramini3
455 1123 525 1161 sed
554 1123 636 1161 iam
666 1136 776 1160 nuno
806 1136 889 1160 non
914 1123 972 1160 ita
995 1135 1081 1160 esse
1108 1122 1363 1171 cognoscite;
1393 1136 1491 1161 nam

229 1201 324 1226 uere
340 1189 428 1227 dico
445 1189 572 1236 uobis,
598 1189 692 1238 quia
704 1189 716 1207 ⁴
738 1189 909 1226 domum
928 1188 1033 1226 hane
1046 1190 1161 1226 tanta
1180 1188 1270 1226 luce
1289 1188 1490 1237 inpletam

228 1268 316 1293 esse
344 1255 553 1304 perspicio,
578 1257 624 1293 ut
654 1257 790 1292 uestra
818 1254 890 1292 illa
915 1254 1081 1292 lucerna
1108 1253 1214 1291 mihi
1237 1255 1489 1292 omnimodis

227 1333 313 1358 esse
333 1321 521 1358 uideatur
540 1320 735 1358 obscura.’
792 1320 845 1357 Et
866 1333 961 1357 cum
980 1333 1032 1357 ne
1051 1320 1182 1357 adhuc
1203 1320 1370 1369 quidem
1391 1320 1488 1358 tah‘a

227 1385 413 1436 loquenti
427 1387 643 1436 quisquam
656 1386 928 1435 responderet,
946 1385 1014 1423 uel
1030 1386 1252 1423 adsensum
1265 1386 1483 1434 praeberet,

63 1456 84 1484 f.
101 1458 142 1493 78-
159 1465 187 1485 a·
226 1451 377 1490 iterum
399 1452 501 1489 dixit
519 1466 527 1490 :
561 1451 804 1489 ‘Accendite
825 1464 920 1500 ergo
940 1451 1149 1488 lucernam
1177 1449 1179 1501 l
1206 1451 1332 1499 illam,
1351 1465 1488 1500 quam·

227 1517 297 1555 diu
329 1517 483 1564 uultis;
517 1519 699 1555 attamen
729 1516 881 1562 scitote,
917 1517 1012 1565 quia
1040 1529 1125 1553 non
1153 1519 1214 1554 est
1237 1530 1352 1564 mea3
1388 1531 1486 1555 nam

225 1595 317 1620 mea
336 1582 418 1629 lux,
436 1582 659 1632 incipiente
675 1595 826 1629 aurora,
844 1582 950 1619 mihi
965 1582 1193 1619 aduentura
1213 1583 1301 1620 est?
1332 1583 1487 1632 Coepit-

226 1661 305 1697 que
334 1661 508 1695 narrare,
535 1648 629 1697 quia
657 1648 889 1696 apparuerit
915 1647 993 1685 sibi
1020 1648 1190 1696 quidam
1217 1648 1282 1685 uir
1301 1648 1388 1695 Dei,
1415 1647 1484 1697 qui

225 1713 370 1751 eodem
389 1726 500 1751 anno
526 1713 657 1751 fuerat
677 1713 907 1759 defunctus,
934 1713 1083 1759 dicens,
1109 1713 1217 1762 quod
1238 1713 1485 1751 adueniente

224 1779 405 1816 diluculo
445 1791 670 1827 perennem
709 1780 814 1816 esset
852 1778 1012 1816 exitura
1049 1779 1099 1817 ad
1147 1779 1293 1817 lucem.
1358 1779 1484 1817 Cuius

222 1844 375 1882 ueritas
403 1844 575 1882 uisionis
604 1846 684 1883 cita
713 1844 817 1882 circa
845 1846 1037 1882 exortum
1058 1845 1137 1882 diei
1162 1844 1325 1894 puellae
1351 1845 1482 1882 morte

221 1910 392 1958 probata
412 1911 482 1948 est.

740 2041 862 2080 CAP.
896 2041 973 2079 IX.

232 2143 311 2178 Quae
327 2143 389 2171 sint
404 2144 519 2171 ostensa
537 2142 660 2171 caelitus
680 2143 778 2178 sigma,
799 2151 867 2170 cum
885 2144 909 2170 e!
932 2143 996 2177 ipsa
1016 2143 1112 2170 mater
1127 2143 1366 2178 congregationis
1389 2143 1474 2171 illius

697 2203 710 2223 e
726 2196 841 2223 mutulo
858 2196 1012 2224 transiret.

276 2271 371 2310 CUM
400 2273 538 2309 autem
568 2273 607 2309 et
637 2271 726 2320 ipsa
754 2273 885 2309 mater
914 2271 980 2320 pia
1005 2271 1091 2309 Deo
1122 2270 1291 2309 deuotae
1321 2285 1484 2322 congre·
1507 2284 1711 2318 Storyofthe

220 2337 395 2386 gationis
407 2337 659 2387 Aedilburga
675 2337 687 2356 ⁵
703 2339 807 2374 esset
828 2337 1020 2386 rapienda
1041 2337 1090 2375 de
1110 2337 1279 2385 mundo,
1295 2339 1483 2386 apparuit
1507 2324 1657 2391 {zeahssof

220 2402 323 2439 uisio
355 2402 543 2440 miranda
573 2402 737 2440 cuidam
772 2402 821 2440 de
855 2402 1072 2450 sororibus,
1106 2402 1171 2440 eui
1204 2415 1359 2440 nomen
1392 2405 1480 2441 erat
1507 2403 1692 2437 Ethelberg.

298 2532 378 2571 -gyb
396 2533 433 2571 C,
450 2536 546 2564 which
562 2537 620 2564 has
635 2537 681 2564 the
696 2544 787 2564 ¹name
802 2536 871 2571 only
887 2545 964 2565 once.
1179 2534 1192 2551 ²
1214 2536 1339 2566 uocata
1355 2535 1401 2567 M.
1419 2535 1480 2577 HJ.

220 2583 232 2601 ³
255 2585 307 2615 -ta
324 2585 370 2616 M.
387 2583 434 2616 0¹.
567 2586 578 2603 ⁴
601 2586 695 2625 quod
711 2586 748 2618 C.
880 2586 891 2603 ⁵
914 2584 1062 2626 -bur*u'g
1078 2586 1109 2616 N
1126 2597 1133 2625 ;
1157 2587 1261 2617 aedil·
1279 2587 1315 2618 C.
