1803 2887
292 188 373 228 182
645 187 696 228 H
698 187 853 229 istoria
884 187 1191 229 Ecclesiastiea
1381 195 1465 236 [Lm.
1487 200 1545 231 111.

289 302 507 340 catholicae
552 302 858 350 observationis,
897 303 1063 340 nomine
1101 304 1345 342 Romanum.
1425 304 1547 342 Unde

290 381 605 416 nonnumquam
630 368 846 418 contigisse
866 368 997 406 fertur
1020 368 1105 406 illis
1131 369 1393 418 temporibus,
1418 371 1464 407 ut
1484 369 1547 407 bis

290 433 331 469 in
361 446 470 470 anno
499 447 582 470 uno
611 434 761 482 pascha
789 434 1070 481 celebraretur,
1104 436 1144 472 et
1175 448 1269 472 cum
1302 448 1373 473 rex
1400 435 1549 483 pascha

291 498 542 536 dominicum
577 499 721 536 solutis
753 499 919 537 ieiuniis
951 500 1109 546 faceret,
1148 502 1239 538 tum
1278 500 1420 549 regina
1453 513 1547 538 cum

290 563 374 600 suis
399 563 622 612 persistens
649 564 781 601 adhuc
811 564 854 601 in
885 564 1039 601 ieiunio
1064 565 1172 602 diem
1200 564 1431 613 palmarum
1451 564 1548 602 cele-

289 628 432 666 braret.
486 628 599 665 Haec
618 630 756 666 autem
778 629 1029 667 dissonantia
1048 629 1249 678 paschalis
1269 629 1548 667 obseruantiae

290 693 459 730 uiuente
478 694 640 731 Aidano
669 694 872 743 patienter
900 695 950 732 ab
977 695 1169 732 omnibus
1195 695 1452 742 tolerabatur,
1478 696 1549 744 qui

289 760 477 807 patenter
503 759 802 807 intellexerant,
828 760 931 808 quia,
958 760 1034 797 etsi
1059 760 1207 808 pascha
1227 762 1367 797 contra
1390 773 1548 797 morem

290 837 443 872 eorum,
476 825 547 873 qui
575 825 710 873 ipsum
739 825 952 873 miserant,
986 825 1115 863 facere
1144 839 1227 863 non
1256 825 1401 874 potuit,
1431 839 1550 875 opera

291 892 429 927 tamen
456 889 563 938 fidei,
588 890 761 939 pietatis,
787 892 827 928 et
847 891 1086 939 dilectionis,
1111 890 1225 950 iuxta
1244 904 1401 928 morem
1423 891 1550 928 omni·

291 955 367 992 bus
411 956 563 993 sanctis
601 958 853 1003 consuetum,
897 956 1116 1005 diligenter
1163 957 1331 1005 exsequi
1378 956 1545 995 curauit.

292 1021 414 1058 Unde
452 1022 501 1059 ab
540 1022 742 1070 omnibus,
786 1022 911 1059 etiam
949 1022 1024 1069 his,
1062 1021 1132 1070 qui
1167 1022 1216 1059 de
1250 1022 1398 1071 pascha
1435 1022 1551 1059 aliter

292 1087 536 1134 sentiebant,
571 1087 718 1124 merito
754 1087 1027 1136 diligebatur3
1070 1100 1144 1124 nec
1176 1087 1312 1125 solum
1343 1101 1366 1125 a
1399 1087 1551 1125 medio-

291 1152 437 1200 cribus,
482 1166 627 1190 uerum
664 1153 714 1190 ab
762 1152 861 1200 ipsis
904 1165 1065 1201 quoque
1108 1152 1317 1201 episcopis,
1360 1153 1548 1191 Honorio

292 1217 616 1265 Cantuariorum,
643 1220 683 1255 et
705 1218 837 1255 Felice
858 1218 1133 1256 Orientalium
1153 1219 1398 1268 Anglorum,
1425 1232 1547 1256 uene-

291 1283 440 1321 rationi
460 1283 626 1320 habitus
646 1285 718 1321 est.

65 1354 199 1381 Colman
346 1348 551 1386 Defuncto
585 1350 724 1385 autem
754 1348 920 1396 Finano,
955 1348 1025 1397 qui
1058 1350 1151 1397 post
1179 1348 1301 1386 illum
1329 1349 1420 1397 fuit,
1455 1362 1549 1387 cum

64 1393 214 1460 sfiffiffissds
293 1414 516 1452 Colmanus
544 1413 588 1450 in
619 1414 899 1463 episcopatum
930 1415 1171 1461 succederet,
1206 1416 1246 1452 et
1278 1414 1365 1463 ipse
1398 1414 1550 1452 missus

291 1493 313 1517 a
335 1479 497 1526 Scottia,
523 1478 707 1528 grauior¹
730 1480 778 1517 de
806 1480 1087 1517 obseruatione
1114 1479 1295 1528 paschae,
1321 1492 1481 1517 necnon
1509 1481 1550 1517 et

293 1545 341 1583 de
388 1545 479 1583 aliis
518 1545 809 1583 ecclesiast-icae
856 1546 965 1583 uitae
1007 1545 1236 1594 disciplinis
1274 1545 1550 1583 controuersia

292 1612 388 1648 nata
417 1612 486 1649 est.
549 1611 672 1648 Unde
702 1610 876 1648 merito2
906 1610 1037 1648 mouit
1066 1612 1164 1648 haec
1195 1611 1374 1659 quaestio
1405 1623 1550 1648 sensus

293 1679 332 1714 et
354 1676 472 1713 corda
497 1676 737 1724 multorum,
763 1676 1012 1724 timentium,
1038 1690 1090 1714 ne
1110 1676 1214 1714 forte
1234 1677 1396 1725 accepto
1417 1675 1549 1714 Chris-
1574 1680 1613 1726 gf·
1631 1681 1702 1709 Gal.

292 1742 490 1779 tianitatis
518 1742 728 1789 uocabulo,
753 1743 796 1779 in
827 1755 1001 1780 uacuum
1030 1744 1240 1779 currerent
1268 1744 1339 1780 aut
1360 1742 1550 1779 cucurris-
1574 1730 1606 1748 u.
1623 1730 1646 1747 ²'

292 1809 394 1845 sent.
456 1808 655 1845 Peruenit
690 1810 730 1845 et
768 1808 818 1845 ad
852 1808 959 1856 ipsas
992 1807 1227 1856 principum
1258 1820 1387 1855 aures,
1423 1806 1551 1845 Osuiu

292 1873 481 1911 uidelicet
502 1874 620 1923 regis,
645 1876 686 1911 et
713 1873 789 1911 filii
809 1874 895 1911 eius
915 1873 1158 1911 Alehfridff.
1221 1873 1323 1921 Quia
1351 1873 1553 1910 nimirum

293 1940 422 1977 Osuiu
451 1953 474 1977 a
504 1939 653 1977 Scottis
683 1940 849 1977 edoctus
878 1952 922 1977 ac
955 1939 1194 1988 baptizatus,
1228 1938 1396 1977 illorum
1429 1939 1553 1976 etiam

294 2005 435 2054 lingua
474 2005 626 2054 optime
664 2005 845 2053 inbutus,
882 2005 942 2042 nil
980 2005 1140 2052 melius,
1179 2018 1302 2053 quzun
1342 2005 1449 2053 quod
1488 2005 1553 2042 illi

296 2070 538 2118 docuissent,
580 2070 849 2118 autumabat3
897 2084 1017 2119 porro
1065 2070 1257 2108 Alchfrid
1306 2070 1552 2119 magistrum

294 2137 450 2173 habens
471 2136 711 2173 eruditionis
732 2136 985 2174 Christianae
1000 2136 1226 2174 Uilfridum
1247 2136 1387 2173 uirum
1408 2136 1552 2174 doctis-

294 2202 448 2239 simum
472 2201 582 2251 (nam
604 2203 644 2239 et
661 2201 836 2239 Romam
857 2201 971 2250 prius
990 2203 1155 2250 propter
1175 2201 1406 2239 doctrinam
1429 2201 1550 2239 eccle-

294 2268 497 2305 siasticam
544 2268 706 2314 adierat,
749 2269 788 2305 et
826 2268 933 2316 apud
971 2268 1183 2314 Dalfinum
1227 2268 1550 2314 archiepiscopum
1576 2275 1708 2311 Eddius,

296 2333 522 2370 Galliarum
552 2333 766 2382 Lugdoni4
796 2332 978 2370 multum
1011 2332 1208 2381 temporis
1238 2333 1384 2381 egerat,
1417 2345 1440 2369 a
1472 2345 1552 2381 quo
1575 2324 1600 2343 ‘³'
1618 2316 1642 2342 ⁶*

294 2398 417 2435 etiam
438 2402 616 2436 {ons-mae
642 2399 930 2436 ecclesiasticae
956 2410 1135 2436 coronam
1160 2400 1404 2447 susceperat),
1429 2397 1552 2435 huius

296 2463 524 2501 doctrinam
545 2464 736 2502 omnibus
764 2464 995 2502 Scottorum
1016 2463 1307 2501 traditionibus
1329 2463 1419 2500 iure
1444 2476 1552 2511 prae-

295 2529 507 2566 ferendam
535 2530 712 2577 sciebat3
742 2530 852 2567 unde
879 2530 915 2566 ei
942 2529 1066 2566 etiam
1096 2529 1318 2566 donauerat
1347 2529 1551 2566 monaste-
1576 2537 1617 2565 ib.
1636 2547 1660 2566 c.
1679 2539 1703 2565 8.

296 2626 305 2644 ¹
328 2636 455 2666 grauor
471 2626 517 2658 M.
586 2627 597 2644 2
621 2627 749 2658 merito
760 2627 878 2659 om.M.
893 2627 951 2666 Hl.
1007 2626 1019 2644 ³
1042 2627 1195 2657 alchridi
1209 2626 1252 2659 N.
1319 2626 1330 2644 ⁴
1354 2626 1504 2666 lugduni
1515 2625 1552 2656 G.
