1803 2887
273 160 357 200 268
631 157 838 198 Historia
869 155 1176 197 Ecclesiastdca
1370 161 1444 201 [Lm
1476 165 1530 193 iv.

273 274 398 312 simul
413 275 453 311 et
467 286 562 311 suae
578 273 685 310 uitae
701 271 898 310 solacium
915 271 1062 309 deuota
1078 271 1164 308 Deo
1181 270 1337 307 doctrix
1352 268 1526 307 inuenit.

43 346 175 373 Aldfrid
273 339 476 378 Successit
507 340 648 376 autem
678 337 871 386 Ecgfrido
902 337 946 373 in
978 349 1152 385 regnum
1183 334 1360 382 Aldfrid,
1394 334 1458 371 uir
1486 334 1531 371 in

43 385 204 413 succeeds.
272 404 486 453 scripturis
517 403 790 449 doctissimus,
823 402 894 451 qui
922 402 1046 439 frater
1075 401 1162 438 eius
1191 403 1231 437 et
1260 399 1372 437 filius
1403 400 1531 437 Osuiu

272 470 379 518 regis
417 482 504 506 esse
539 469 774 515 dicebatur;
816 468 1154 514 destructumque
1196 465 1312 514 regni
1360 467 1526 510 statum,

273 535 464 584 quamuis
483 535 594 572 intra
614 534 719 571 fines
739 533 1006 582 angustiores,
1027 531 1222 569 nobiliter
1243 530 1508 579 recuperauit.

44 607 149 635 Death
167 609 202 635 os
329 601 417 648 Quo
438 600 630 638 uidelicet
650 612 769 644 anno,
791 599 862 648 qui
882 600 942 636 est
962 597 1012 635 ab
1028 597 1305 634 incarnatione
1326 595 1532 634 dominica

42 647 236 720 fflss'tlgngggj
274 665 572 712 DCLXXXV„
608 663 803 702 Hlotheri
842 662 1157 701 Cantuariorum
1190 675 1271 708 rex,
1310 674 1405 699 cum
1439 662 1532 709 post

42 726 247 792 {garchyin
272 729 569 780 Ecgberctum¹
598 730 769 767 fratrem
804 742 943 774 suum,
977 728 1047 776 qui
1073 727 1211 765 VIIII
1243 726 1364 764 annis
1393 739 1533 775 regna·

271 798 398 843 uerat,
437 796 521 844 ipse
552 795 641 832 XII
670 795 791 832 annis
817 796 1038 843 regnasset,
1070 795 1259 830 mortuus
1292 794 1377 829 erat
1404 791 1526 828 VIII.

273 861 374 899 Idus
413 861 662 898 Februarias,
693 859 697 910 Ι
724 860 978 898 Uulneratus
1009 872 1186 907 namque
1224 861 1285 895 est
1318 858 1362 894 in
1394 870 1533 906 pugna
1556 864 1576 891 f.
1594 874 1630 900 94
1647 864 1673 892 b.

272 927 531 964 Australium
563 926 783 969 Saxonum,
820 938 923 974 quos
959 926 1099 962 contra
1134 936 1230 961 eum
1265 923 1388 960 Edric
1422 922 1533 960 filius

274 992 510 1042 Ecgbercti¹
534 992 780 1041 adgregarat,
811 993 851 1028 et
881 991 990 1028 inter
1017 990 1269 1028 medendum
1297 988 1528 1026 defunctus.

272 1060 334 1095 Ac
362 1059 455 1106 post
489 1071 584 1095 eum
616 1057 726 1094 idem
760 1057 882 1094 Edric
913 1069 1022 1094 anno
1058 1069 1141 1092 uno
1172 1068 1217 1092 ac
1247 1053 1419 1092 dimidio
1450 1066 1533 1102 reg-

273 1124 414 1171 nauit,
444 1137 525 1172 quo
553 1123 758 1170 defuncto,
789 1135 963 1171 regnum
990 1121 1094 1159 illud
1121 1121 1311 1169 aliquod*¹
1335 1119 1533 1167 temporis

272 1190 452 1237 spatium
472 1201 586 1237 reges
607 1188 722 1226 dubii
743 1188 809 1225 uel
830 1187 992 1225 externi
1015 1187 1346 1235 disperdiderunt
1367 1199 1375 1232 ;
1405 1185 1532 1222 donec

272 1254 481 1303 legitimus
511 1266 582 1291 rex
615 1253 824 1301 Uictred',
853 1253 893 1291 id
926 1255 987 1290 est
1016 1253 1125 1289 filius
1157 1250 1409 1300 Ecgbercti⁴,
1443 1263 1532 1287 con-

272 1319 447 1356 fortatus
474 1320 518 1356 in
543 1332 681 1367 regno,
706 1318 902 1368 religione
924 1318 1050 1355 simul
1077 1320 1116 1355 et
1141 1316 1343 1355 industria
1365 1318 1533 1365 gentem

277 1398 393 1422 suam
416 1385 466 1422 ab
487 1387 681 1422 extranea
701 1384 913 1422 inuasione
934 1383 1138 1421 liberaret.

639 1540 760 1578 CAP.
795 1540 917 1578 XXV
947 1536 1166 1590 [XXVII]

276 1642 312 1670 Ut
328 1643 381 1669 uir
391 1642 517 1669 Domini
535 1639 697 1669 cmzbercffi
712 1642 752 1668 sit
768 1640 1037 1676 episcopusfacms
1051 1651 1062 1676 ;
1086 1643 1177 1676 utque
1195 1641 1225 1668 in
1243 1641 1420 1669 monachica
1431 1640 1533 1668 adhuc

628 1695 696 1723 uita
707 1696 827 1729 positus
842 1696 954 1723 uixerit
974 1695 1017 1723 uel
1033 1696 1176 1723 docuerit.

43 1792 112 1819 Life
128 1792 164 1818 of
326 1782 421 1819 Ipso
443 1782 568 1819 etiam
584 1795 704 1828 anno,
726 1795 806 1831 quo
822 1781 949 1819 finem
966 1783 1075 1820 uitae
1095 1782 1248 1831 accepit
1265 1795 1335 1819 rex
1351 1781 1527 1831 Ecgfrid,

43 1832 211 1861 Cuthbert.
272 1848 519 1896 episcopum,
554 1849 599 1885 ut
624 1848 812 1894 diximus,
843 1848 992 1885 fecerat
1022 1848 1202 1885 ordinari
1229 1847 1533 1885 Lindisfarnen-

272 1913 381 1951 sium
420 1913 612 1950 ecclesiae
644 1913 784 1950 uirum
818 1915 1006 1951 sanctum
1041 1916 1081 1951 et
1116 1913 1393 1951 uenerabilem
1432 1913 1532 1951 Cud-

272 1979 460 2016 berctum
477 1979 500 2025 5,
540 1978 610 2027 qui
639 1978 681 2015 in
716 1978 852 2015 insula
884 1979 1126 2027 permodica,
1167 1993 1269 2027 quae
1301 1979 1532 2028 appellatur

274 2044 416 2091 Farne,
460 2046 501 2082 et
539 2045 589 2081 ab
627 2044 769 2082 eadem
808 2044 977 2082 ecclesia
1014 2058 1164 2082 nouem
1202 2045 1332 2082 ferme
1365 2045 1533 2082 mih‘bus

273 2122 469 2158 passuum
497 2109 542 2146 in
567 2110 728 2147 Oceano
752 2109 892 2158 procul
913 2109 1038 2156 abest,
1062 2111 1192 2147 uitam
1217 2110 1440 2147 solitariam
1460 2124 1533 2159 per

272 2188 404 2212 annos
430 2174 569 2223 plures
594 2175 637 2212 in
662 2188 811 2224 magna
835 2176 1012 2224 corporis
1037 2177 1078 2212 et
1105 2175 1257 2213 mentis
1282 2176 1533 2213 continentia

274 2240 455 2278 duxerat.
519 2240 596 2287 Qui
619 2241 786 2289 quidem
811 2253 834 2278 a
857 2241 990 2290 prima
1015 2243 1147 2278 aetate
1172 2241 1368 2290 puen'tiae
1395 2240 1533 2278 studio

275 2305 483 2353 religiosae
499 2305 511 2323 ⁷
531 2306 640 2343 uitae
660 2319 822 2354 semper
846 2306 1023 2353 ardebat,
1048 2306 1118 2343 sed
1145 2306 1194 2343 ab
1214 2306 1382 2343 ineunte
1401 2306 1534 2344 adule-

275 2370 430 2408 scentia
458 2371 746 2409 monachicum
776 2376 816 2409 et
846 2385 1000 2409 nomen
1023 2371 1235 2419 adsumsit,
1265 2373 1304 2409 et
1329 2371 1527 2411 habitum.

319 2467 327 2484 ¹
352 2469 505 2499 —bercht-
519 2470 544 2500 C
560 2480 567 2507 3
592 2470 699 2500 -bert-
718 2469 758 2499 N.
892 2469 903 2486 2
927 2471 1064 2509 aliquot
1081 2470 1125 2500 M.
1253 2469 1264 2486 ³
1287 2471 1479 2501 uuichtred
1496 2472 1531 2502 C.

274 2521 284 2538 ⁴
311 2522 440 2551 -berhti
459 2521 484 2551 C
502 2532 509 2559 ;
533 2522 640 2552 -berti
658 2522 700 2553 N.
789 2523 800 2540 ⁵
824 2523 960 2553 -bercht
978 2523 1002 2553 C
1019 2533 1026 2561 3
1050 2524 1161 2553 -brect
1178 2523 1219 2554 N.
1311 2523 1323 2540 ⁶
1346 2523 1479 2554 -berht-
1496 2523 1533 2555 C.

274 2572 285 2589 ⁷
309 2583 357 2603 -se
371 2573 417 2604 M.
