1803 2887
322 171 406 210 346
672 171 721 211 H
724 171 879 212 istoria
909 171 1212 214 Ecclesiastica
1434 180 1520 222 [Lm.
1536 185 1574 215 V.

322 287 486 334 teinpus
523 285 695 334 paschae
730 300 823 323 cum
863 287 1057 325 uniuersa
1090 300 1180 325 mea
1219 289 1341 336 gente
1379 291 1575 337 perpetuo

322 351 442 397 uolo;
472 351 579 388 hanc
602 351 781 400 accipere
809 351 978 389 debere¹
1009 353 1231 399 tonsuram,
1260 366 1382 401 quani
1409 354 1575 402 plenam

321 428 408 453 esse
438 416 632 453 rationis2
671 417 861 454 audimus
875 417 898 464 ³,
934 430 1087 464 omnes,
1126 417 1198 466 qui
1235 417 1280 454 in
1319 431 1411 455 meo
1449 431 1574 467 regno

321 483 430 528 sunt,
456 481 623 518 clericos
643 481 842 520 decerno.’
900 482 983 519 Nec
1002 495 1127 530 mora,
1152 495 1254 531 quae
1275 482 1442 530 dixerat,
1466 483 1576 533 regia

320 547 559 584 auctoritate
598 547 778 595 perfecit.
850 547 1002 585 Statim
1041 561 1221 596 namque
1259 547 1372 586 iussu
1411 549 1575 598 puplico

320 611 595 649 mittebantur
615 612 664 649 ad
685 612 1053 660 transcribendum,
1079 612 1331 660 discendum,
1361 613 1574 652 obseruan-

320 676 432 724 dum,
452 690 524 725 per
540 677 751 715 uniuersas
769 677 981 715 Pictorum
998 677 1229 726 prouincias
1244 677 1382 715 circuli
1404 679 1576 727 paschae

320 742 680 790 decennouenales,
701 742 948 780 oblitteratis
967 756 1039 791 per
1055 742 1194 780 omnia
1214 743 1395 781 erroneis
1414 744 1576 782 LXXX

319 809 360 844 et
389 807 486 845 1111
517 820 722 845 annorum
754 807 924 846 circulis.
984 807 1334 846 Adtondebantur
1362 822 1505 846 omnes
1531 809 1575 847 in

319 885 510 910 coronam
539 873 719 910 ministri
747 873 887 911 altaris
916 874 986 911 ac⁴
1014 873 1231 920 monachi;
1261 876 1301 911 et
1329 873 1443 922 quasi
1466 887 1574 912 nouo

319 951 361 975 se
389 938 652 988 discipulatui
680 939 905 977 beatissimi
933 939 1213 988 apostolorum
1242 939 1439 988 principis
1462 939 1577 977 Petri
1800 941 1803 978 1

320 1004 539 1051 subditam,
573 1004 741 1054 eiusque
770 1005 987 1042 tutandam
1016 1004 1242 1054 patrocinio
1272 1018 1372 1054 gens
1401 1007 1578 1043 correcta

320 1070 559 1118 gaudebat.
1800 1081 1803 1125 j

769 1169 889 1208 CAP.
925 1169 1066 1208 XXII.

323 1260 359 1287 Ut
381 1259 523 1287 Hli'enses
548 1259 691 1287 monachi
714 1266 782 1287 cum
806 1259 946 1286 subiectis
966 1259 1026 1286 sibl
1040 1259 1235 1287 monasteriis
1250 1259 1434 1287 canonicum
1452 1259 1577 1294 praedi-

582 1313 667 1339 came
680 1310 834 1345 Ecqbercto
847 1307 858 1323 5
874 1310 1017 1339 celebrare
1032 1311 1146 1345 pascha
1160 1311 1315 1345 coeperint.

92 1390 295 1424 Egbertcon-
376 1385 463 1424 NEC
484 1386 618 1424 multo
638 1387 732 1435 post
756 1386 819 1423 illi
839 1400 1011 1436 quoque,
1038 1386 1109 1435 qui
1133 1386 1313 1424 insulam
1337 1386 1413 1424 Hii
1432 1386 1577 1424 1110016-

91 1428 260 1495 Ῑνϊῗέῗιςὲᾏῗ·
320 1451 430 1499 bant,
464 1451 656 1489 monachi
687 1451 886 1489 Scotticae
916 1451 1097 1489 nationis
1127 1465 1221 1489 cum
1256 1452 1331 1499 his,
1366 1465 1467 1501 quae
1498 1451 1578 1489 sibi

91 1508 223 1574 ἓξὲξ
238 1507 295 1535 the
320 1519 435 1555 erant
474 1517 648 1564 subdita,
682 1516 944 1555 monasteriis
972 1517 1023 1555 ad
1053 1517 1181 1555 ritum
1212 1517 1384 1566 paschae
1417 1530 1461 1554 ac
1492 1519 1578 1555 ton-

92 1586 288 1614 Easterand
320 1596 436 1620 surae
469 1583 712 1620 canonicum
742 1583 921 1620 Domino
947 1585 1190 1631 procurante
1219 1583 1431 1631 perducti⁷
1465 1584 1572 1620 sunt.

91 1628 234 1660 tonsure,
355 1649 361 1656 .
426 1648 433 1655 .
761 1649 768 1655 .
947 1648 954 1655 .
1171 1648 1178 1655 .
1218 1648 1225 1655 .
1381 1648 1395 1661 r

92 1674 159 1692 Ast),
177 1667 233 1700 7¹6·
321 1649 533 1697 Siquidem
553 1661 663 1685 anno
683 1649 732 1686 ab
758 1650 1036 1686 incarnatione
1057 1649 1228 1686 Domini
1251 1648 1472 1696 DCCAVI,
1498 1661 1576 1697 quo

322 1714 475 1752 Osredo
514 1713 643 1751 occiso
686 1714 870 1752 Coenred
884 1714 896 1732 ὃ
935 1714 1210 1763 gubernacula
1248 1713 1364 1763 regni
1398 1713 1578 1751 Nordan-

320 1779 595 1829 hymbrorum
617 1779 805 1828 suscepit,
830 1793 924 1817 cum
945 1779 1127 1817 uenisset
1147 1780 1197 1817 ad
1219 1792 1286 1817 eos
1306 1779 1356 1817 de
1376 1778 1579 1817 Hibernia

321 1846 407 1883 Deo
428 1845 625 1893 amabilis,
651 1847 691 1883 et
711 1858 806 1882 cum
828 1845 943 1882 omni
963 1845 1277 1883 honorificentia
1300 1844 1578 1882 nominandus

319 1913 434 1960 pater
457 1924 502 1947 ac
524 1911 718 1958 sacerdos,
741 1911 939 1959 Ecgberct
955 1911 978 1957 ⁹,
999 1910 1113 1948 cuius
1130 1911 1317 1959 superius
1335 1909 1578 1947 memoriam

320 1976 481 2025 saepius
501 1976 684 2024 fecimus,
710 1976 936 2013 honorifice
957 1976 1006 2013 ab
1027 1976 1084 2013 eis
1104 1977 1144 2013 et
1165 1975 1298 2013 multo
1319 1988 1414 2013 011111
1429 1975 1577 2024 gaudio

320 2043 532 2090 susceptus
555 2043 627 2080 est.
691 2040 809 2089 Qui10
839 2043 1034 2090 quoniam
1064 2043 1104 2079 et
1131 2041 1270 2079 doctor
1294 2040 1574 2087 suauissimus,

318 2110 359 2145 et
380 2120 533 2155 eorum,
559 2121 662 2156 quae
683 2107 839 2156 agenda
859 2107 1038 2154 docebat,
1064 2108 1150 2144 erat
1172 2108 1383 2144 exsecutor
1403 2106 1577 2143 deuotis-

319 2172 460 2219 simus,
494 2172 672 2209 libenter
702 2173 868 2210 auditus
898 2172 948 2210 ab
982 2171 1196 2219 uniuersis,
1235 2170 1461 2209 inmutauit
1499 2170 1579 2220 piis
1780 2220 1781 2224 Ἰ

322 2237 325 2287 1
358 2251 402 2275 ac
432 2238 587 2275 sedulis
621 2237 975 2275 exhortationibus
1008 2237 1280 2275 inueteratam
1311 2237 1428 2274 illam
1458 2235 1577 2274 tradi·
1600 2244 1622 2272 f.
1642 2253 1690 2278 124
1706 2244 1733 2272 b.
1779 2262 1782 2290 5

318 2302 474 2341 tionem
496 2304 716 2351 parentum
739 2316 892 2351 eorum,
918 2303 967 2340 de
992 2302 1140 2352 quibus
1164 2302 1432 2351 apostolicum
1455 2301 1576 2339 illum
1600 2283 1754 2351 {fg-Pet.
1777 2295 1780 2337 1

318 2368 412 2406 11061
432 2368 611 2417 proferre
632 2382 878 2416 sermonem,
903 2368 1011 2417 quod
1028 2367 1346 2406 aemulationem
1362 2367 1440 2405 Dei
1459 2366 1577 2405 habe·
1600 2363 1692 2390 Rom.
1704 2371 1732 2389 x.
1745 2371 1784 2403 ²0,

363 2441 373 2457 ¹
397 2444 533 2481 debere,
551 2447 649 2474 added
664 2455 703 2474 on
722 2447 846 2482 ‘mcwyin
864 2444 910 2475 M.
991 2442 1004 2463 ²
1029 2444 1180 2474 rationis
1197 2453 1253 2474 om.
1274 2443 1310 2473 C.
1328 2443 1377 2480 01.
1395 2442 1447 2480 03.
1459 2442 1501 2473 D.
1516 2441 1576 2473 810.

319 2494 330 2512 ³
353 2496 559 2526 audiuimus
580 2496 614 2526 G.
720 2495 731 2513 4
755 2498 790 2526 et
805 2495 862 2526 M1.
969 2495 981 2513 ⁵
1004 2496 1127 2526 altaris
1143 2518 1151 2525 .
1171 2519 1178 2525 .
1199 2520 1205 2526 .
1222 2495 1407 2534 gaudebat,
1424 2496 1522 2524 added
1537 2504 1576 2524 οη

320 2550 365 2578 the
381 2550 468 2578 lower
484 2550 609 2585 mamm
625 2548 665 2579 Β.
733 2549 745 2566 ‘⁵
769 2548 930 2578 -berchto
947 2547 986 2579 C.
1062 2546 1073 2564 ⁷
1097 2557 1173 2587 pro·
1191 2547 1238 2578 M.
1313 2544 1325 2562 ⁸
1349 2545 1515 2577 coinredo
1531 2545 1572 2577 N.

318 2601 330 2619 ⁹
352 2602 472 2633 -berht
490 2602 528 2634 C.
616 2601 641 2621 ¹⁰
663 2603 724 2642 qui
741 2604 777 2633 et
793 2602 841 2635 M.
