1803 2887
318 173 402 213 396
711 171 916 214 Historia
945 171 1171 215 Abbatum

94 303 141 331 He
156 305 248 333 takes
367 297 421 331 23.
449 286 571 333 Igitur
597 286 770 322 omnibus
793 286 948 331 paratis,
975 289 1013 322 et
1039 286 1099 322 die
1126 285 1369 331 profectionis
1394 285 1573 330 instante,
1598 289 1697 317 Baed-

90 343 295 411 ffifglelffgghe
319 346 542 380 conuocauit
566 345 605 379 in
633 345 855 381 aecclesiam
881 346 1017 380 fratres
1042 345 1106 389 qui
1136 346 1243 380 erant
1276 344 1315 378 in
1349 344 1575 380 monasterio
1599 328 1615 366 ἓ
1637 337 1675 363 ¹7·

253 405 258 411 '
319 404 422 439 beati
457 404 571 448 Petri,
608 405 647 439 et
673 415 766 447 quae
802 403 1020 448 disponeret
1049 403 1193 448 pandit.
1255 403 1415 438 Flebant
1449 414 1576 437 omnes

319 464 473 497 ruentes
506 462 545 496 in
578 462 724 503 faciem,
759 462 946 506 pedesque
985 461 1086 495 illius
1123 460 1447 505 adprehendunt¹‚
1486 460 1577 496 fusis

321 520 483 555 lacrimis
511 521 717 563 obsecrant,
736 532 783 555 ne
809 522 889 554 tam
915 519 1137 564 repentinus
1163 519 1394 562 abscederet,
1422 520 1485 554 sed
1513 519 1577 554 uel

320 591 395 613 una
435 578 497 614 die
540 579 640 623 apud
682 590 742 613 eos
784 578 1011 613 subsisteret.
1072 577 1279 622 Adquieuit
1320 577 1576 622 precantibus,

320 637 531 681 mansitque
550 637 649 681 apud
668 648 730 671 eos
747 636 808 671 die
828 636 896 670 illa
914 638 951 671 et
968 638 1089 677 nocte,
1110 638 1192 671 erat
1209 638 1336 671 autem
1352 635 1469 671 tertia
1483 635 1578 671 feria

321 697 409 731 ante
435 695 663 729 dominicam
690 695 790 730 diem
816 695 1077 736 Pentecosten,
1102 697 1140 730 et
1166 706 1286 735 mane,
1311 694 1579 730 comitantibus

322 753 502 798 plurimis,
522 754 709 798 profectus
729 755 785 788 est
799 754 846 787 ad
866 754 999 788 fratres
1017 753 1156 798 positos
1174 752 1213 787 in
1230 753 1456 788 monasterio
1474 752 1578 788 beati

323 812 441 855 Pauli,
473 812 691 856 locutusque
728 824 812 846 cum
848 811 910 854 eis,
944 811 1033 856 quia
1070 811 1174 846 abire
1214 810 1291 846 iam
1325 810 1579 856 disposuisset,

322 870 518 906 indicauit.
569 869 641 905 Et2
658 869 732 904 illis
752 870 914 904 multum
940 870 1184 914 plorantibus,
1204 881 1246 904 ac
1272 870 1317 905 de
1337 869 1480 916 sulbito
1499 869 1579 904 eius
1602 873 1624 902 f.
1642 876 1675 901 28
1689 882 1717 902 a.

323 930 476 965 decessu
495 928 665 966 turbatis,
686 928 822 964 leniter
838 940 881 963 ac
899 929 1036 963 blande
1056 928 1191 962 affatus
1210 928 1413 972 uniuersos,
1432 927 1580 974 rogauit

323 987 391 1024 ut3
417 988 596 1033 regulam,
623 1000 734 1031 quam
760 988 948 1028 docuerat,
974 989 1178 1029 seruarent,
1205 987 1245 1021 in
1270 987 1403 1022 timore
1430 987 1581 1022 Domini

323 1048 598 1092 permanerent,
625 1058 747 1091 neque
781 1046 864 1087 iter,
893 1047 991 1090 quod
1020 1049 1277 1091 proposuerat,
1303 1046 1378 1080 suis
1408 1046 1580 1091 precibus

324 1106 546 1149 fletibusque
572 1104 797 1149 inpedirent,
825 1108 864 1140 et
890 1104 936 1145 ei,
964 1104 994 1139 si
1021 1104 1109 1149 quid
1139 1104 1454 1149 intemperantius
1484 1104 1580 1139 iusto

325 1164 475 1210 egisset,
491 1163 641 1199 ueniam
661 1163 805 1204 darent,
826 1162 913 1207 quia
932 1165 970 1197 et
989 1162 1066 1207 ipse
1086 1163 1239 1203 cunctis,
1260 1163 1323 1207 qui
1342 1175 1379 1198 se
1398 1162 1437 1196 in
1455 1162 1582 1207 aliquo

326 1223 572 1264 offenderant,
609 1222 685 1256 iam
720 1224 803 1256 toto
840 1233 885 1257 ex
925 1222 1034 1257 corde
1072 1221 1271 1262 dimiserit,
1306 1221 1581 1266 Dominumque

325 1281 496 1318 omnibus
514 1282 705 1326 placatum
724 1292 800 1316 esse
821 1283 858 1316 et
877 1283 967 1315 tunc
986 1282 1023 1316 et
1041 1292 1188 1325 semper
1206 1280 1408 1325 optauerit.

373 1351 428 1383 24.
455 1340 538 1374 Non
571 1342 699 1374 autem
724 1351 855 1383 parum
887 1338 950 1373 diu
977 1338 1235 1374 obnitentibus
1259 1339 1413 1373 tandem
1440 1340 1478 1373 et
1503 1337 1582 1383 ipse
1606 1341 1649 1371 ib.

328 1399 487 1433 multum
505 1397 705 1432 lacrimans
723 1396 901 1438 obtinuit,
913 1397 1088 1441 quatinus
1108 1397 1141 1432 ei
1160 1409 1243 1432 cum
1262 1396 1525 1432 benedictione
1544 1398 1583 1431 et

326 1455 453 1502 gratia
494 1455 645 1491 decenti
682 1454 812 1489 uiandi
851 1454 1046 1490 licentiam
1084 1456 1226 1497 darent,
1263 1455 1585 1500 precabanturque

328 1515 478 1558 obnixe,
495 1516 536 1549 ut
548 1514 578 1549 si
596 1515 643 1548 ad
658 1514 855 1549 beatorum
866 1513 1129 1558 Apostolorum
1143 1514 1225 1548 loca
1239 1525 1343 1548 sacra
1355 1512 1584 1558 perueniret,

328 1574 467 1609 crebris
494 1585 555 1608 eos
582 1572 646 1607 in4
672 1572 845 1617 precibus
872 1571 1031 1607 Domino
1059 1573 1361 1615 commendaret3
1390 1570 1446 1606 si⁵
1472 1573 1586 1606 antea

326 1632 514 1672 transiret,
564 1643 632 1676 pro
679 1643 804 1667 eorum
851 1642 997 1675 semper
1045 1629 1306 1666 incolumitate
1349 1629 1584 1670 intercedere

326 1690 570 1726 meminisset.
1489 1688 1493 1689 ⁷

364 1759 418 1794 25.
446 1749 637 1784 Profectus
652 1750 707 1783 est
720 1747 780 1782 die
795 1748 925 1782 eodem
933 1747 957 1790 ⁶,
969 1746 1047 1782 siue
1062 1746 1245 1782 desiderio
1258 1745 1388 1781 uiandi
1399 1757 1584 1786 aecensus,
1609 1754 1651 1782 ib.

331 1821 394 1844 seu
413 1807 626 1853 lugentium
645 1807 802 1841 fratrum
820 1806 925 1841 tedio
948 1806 1158 1850 conpulsus,
1178 1804 1413 1850 praecipiens
1435 1806 1477 1839 ut
1501 1815 1586 1839 cum

331 1878 417 1902 suae
457 1865 580 1911 gratia
621 1864 905 1906 benedictionis,
950 1864 1057 1898 iuxta
1097 1864 1267 1909 regulam
1309 1862 1430 1898 sancti
1467 1861 1587 1907 patris

333 1924 530 1960 Benedicti
564 1926 601 1959 et
634 1923 690 1958 sui
725 1925 879 1958 statuta-‹-
903 1922 1104 1968 priuilegii,
1141 1933 1413 1966 quemcumque
1440 1921 1486 1956 de
1514 1920 1588 1955 suis

330 1983 540 2029 digniorem
557 1983 746 2027 putarent,
762 1982 937 2016 abbatem
955 1980 1026 2015 sibi
1044 1980 1328 2016 constituissent
1338 1979 1363 2015 ⁷.
1410 1979 1590 2014 Rediens-

331 2054 401 2086 que
421 2042 467 2076 ad
493 2040 764 2075 monasterium
789 2039 892 2075 beati
918 2039 1020 2075 Petri
1049 2051 1134 2074 mox
1161 2051 1270 2074 mane
1298 2039 1409 2081 facto,
1437 2040 1590 2073 cantata

333 2098 468 2135 missaS
500 2100 548 2134 ad
582 2101 753 2134 sanctum
789 2099 952 2140 Petrum,
980 2100 1019 2133 et
1043 2098 1090 2132 ad
1124 2100 1295 2132 sanctam
1331 2096 1501 2138 Mariam,
1538 2098 1589 2140 et,

333 2157 702 2194 communicantibus
741 2156 805 2201 qui
844 2157 1009 2197 aderant,
1050 2155 1251 2191 confestim
1291 2157 1444 2200 paratus
1479 2156 1590 2189 uocat
1775 2202 1777 2205 v

331 2218 467 2251 fratres
486 2228 615 2251 omnes
632 2215 671 2249 in
689 2214 912 2250 aecclesiam
935 2215 938 2257 Ι
960 2214 1064 2250 beati
1082 2213 1193 2255 Petri,
1214 2216 1321 2259 rogat
1338 2225 1404 2258 pro
1423 2224 1460 2248 se
1475 2224 1589 2254 orare,
1613 2215 1635 2245 f.
1653 2218 1687 2244 28
1702 2216 1731 2243 b.

332 2275 426 2310 dicit
453 2277 490 2310 et
513 2275 591 2319 ipse
618 2274 841 2316 orationem,
866 2272 1040 2308 accendit
1063 2272 1284 2317 thymiama,
1308 2272 1524 2315 habensque
1550 2270 1591 2304 in

333 2346 446 2368 manu
454 2333 681 2368 turribulum
690 2331 879 2367 consistit⁹
892 2331 932 2365 in
943 2331 1128 2377 gradibus,
1139 2330 1204 2365 ubi
1218 2330 1342 2375 legere
1350 2328 1592 2373 consueratw,

332 2393 398 2427 dat
414 2391 580 2427 osculum
595 2390 778 2435 plurimis,
791 2401 878 2424 nam
896 2401 942 2425 ne
961 2389 1135 2424 omnibus
1153 2390 1291 2434 posset,
1305 2388 1410 2423 luctu
1423 2390 1461 2423 et
1475 2399 1539 2423 suo
1554 2389 1593 2422 et

376 2483 386 2501 ¹
412 2484 551 2514 —dentes
568 2483 597 2513 δ2
612 2494 650 2514 οή
666 2493 798 2514 erasure.
911 2481 923 2499 ²
945 2485 1032 2514 tunc
1050 2483 1078 2514 δ.
1202 2483 1213 2500 ³
1238 2483 1277 2512 ut
1301 2492 1361 2512 om.
1377 2482 1404 2513 δ.
1517 2480 1529 2498 4
1552 2481 1592 2512 in

332 2541 436 2570 erased
453 2540 480 2570 δ.
571 2538 583 2556 ⁵
608 2539 637 2569 si
654 2548 738 2569 uero
755 2539 783 2570 δ.
865 2536 876 2553 ⁶
898 2537 1021 2568 eodem
1038 2537 1122 2568 inde
1139 2538 1165 2568 δ.
1257 2535 1268 2553 ⁷
1292 2536 1549 2568 constituerent
1565 2536 1590 2567 δ.

339 2594 349 2611 ²³
373 2595 481 2625 missa
497 2604 555 2624 om.
573 2594 600 2625 δ.
689 2593 701 2611 ⁹
724 2592 884 2624 constitit
902 2593 927 2624 δ.
1030 2591 1052 2609 ¹⁰
1076 2593 1173 2622 -rant
1190 2591 1219 2622 δ.
