1803 2887
320 184 405 226 342
674 185 882 226 Historia
912 184 1216 227 Ecelesiastica
1428 191 1515 233 [Lm.
1532 193 1571 224 V.

320 299 627 344 commemoratis,
666 301 863 337 tonsuram
900 310 1054 346 quoque,
1097 299 1140 336 de
1177 310 1254 346 qua
1283 300 1435 346 pariter
1464 299 1573 337 uobis

322 365 465 403 litteras
489 366 578 411 fieri
604 364 608 410 Ι
633 365 800 411 uoluisti,
835 365 970 410 hortor,
1002 368 1047 401 ut
1073 365 1358 403 ecclesiasticam
1387 367 1421 402 et
1451 364 1574 403 Chris·
1595 370 1617 398 f.
1637 379 1681 397 122
1696 371 1724 398 b-

322 431 448 468 tianae
461 431 557 477 fidei
577 442 680 477 conqi
689 442 778 467 uam
799 431 932 468 habere
957 432 1102 468 curetis.
1163 431 1220 467 Et
1245 430 1396 477 quidem
1419 431 1569 477 scimus,

321 498 411 543 quia
444 508 561 543 neque
591 496 749 542 apostoli
782 508 908 534 omnes
926 508 1004 533 uno
1035 497 1231 543 eodemque
1260 499 1354 534 sunt
1377 497 1487 535 modo
1513 497 1574 535 ad-

322 562 430 607 tonsi,
456 573 575 608 neque
600 573 705 599 nunc
724 562 873 599 ecclesia
895 562 1087 607 catholica,
1111 563 1209 599 sicut
1231 574 1313 599 una
1329 563 1420 609 fide,
1443 574 1515 610 spe,
1541 566 1575 600 et

320 628 477 664 cai-itate
500 628 538 663 in
558 629 681 665 Deum
705 629 895 672 consentit,
915 628 970 664 ita
987 628 1100 664 etiam
1119 639 1201 664 una
1220 630 1332 674 atque
1350 628 1575 666 indissimili

321 695 436 729 totum
451 704 524 739 per
541 693 661 729 orbem
692 696 869 731 tonsurae
894 693 966 730 sibi
987 692 1121 738 forma
1145 693 1327 739 conqruit.
1388 694 1570 741 Denique,

320 761 363 794 ut
392 760 596 805 siqwriora,
622 759 660 795 id
689 761 743 795 est
764 759 1089 806 patriarcharum,
1119 761 1285 805 tempora
1313 759 1571 807 respiciamus,

319 824 404 869 Iob,
437 825 626 871 exemplar
653 825 874 872 patientiae,
913 825 1003 861 dum
1048 824 1245 871 inqruente
1287 825 1576 862 tribulationum
1599 832 1752 861 10b1.20.

321 889 480 926 articulo
519 893 634 937 caput
672 890 843 936 totondit,
878 890 1062 937 probauit
1096 890 1236 936 utique,
1280 891 1373 937 quia
1416 893 1575 937 tempore
1794 875 1795 883 ἵ

314 954 517 1000 felicitatis
545 956 699 1002 capillos
731 956 881 992 nutrire
911 957 1119 992 consuerat.
1179 954 1237 992 At
1265 955 1403 1002 Ioseph
1433 958 1468 993 et
1498 957 1577 1002 ipse
1601 965 1683 994 Gen.
1699 965 1755 992 xli.

321 1020 517 1066 castitatis,
548 1021 786 1068 humilitatis,
810 1021 976 1068 pietatis,
1001 1023 1279 1067 cetercmcmque
1303 1022 1494 1058 uirtutum
1523 1032 1579 1058 ex·
1603 1014 1644 1040 ¹4·

322 1088 469 1123 secator
483 1098 527 1123 ae
541 1086 669 1123 doctor
681 1086 850 1132 eximius,
869 1098 952 1123 Cum
968 1087 1120 1123 seruitio
1133 1087 1383 1124 absoluendus
1396 1087 1579 1125 adtonsus

323 1163 398 1189 esse
426 1153 571 1200 leglitur,
588 1155 698 1199 patet
708 1152 889 1199 profecto,
909 1152 1001 1198 quia
1021 1155 1180 1199 tempore
1200 1153 1397 1190 seruitutis
1415 1153 1579 1191 intonsis

322 1220 363 1255 ‘in
399 1229 543 1255 carcere
576 1218 763 1255 crinibus¹
803 1229 958 1255 manere
994 1218 1143 1255 solebat.
1203 1218 1303 1255 Ecce
1332 1221 1486 1265 uterque
1514 1219 1580 1255 uir

323 1284 397 1321 Dei
417 1284 611 1322 diuersum
631 1284 678 1321 ab
701 1283 815 1320 altero
834 1283 967 1321 uultus
993 1283 1163 1320 habitum
1183 1282 1286 1329 foris
1304 1286 1578 1330 praemonstra-

324 1350 397 1391 bat,
426 1361 586 1396 quorum
616 1351 741 1385 tamen
774 1348 881 1386 intus
913 1348 1138 1386 conscientia
1166 1349 1209 1385 in
1234 1349 1358 1396 parili
1386 1350 1577 1386 uirtutum

322 1415 395 1451 sibi
413 1415 542 1461 qratia
561 1414 820 1452 concordabat.

383 1480 391 1497 ‘
413 1480 564 1526 Ucrzmn,
591 1480 660 1518 etsi
678 1479 854 1526 profiteri
875 1480 984 1517 nobis
1011 1479 1171 1516 liberum
1197 1481 1260 1525 est,
1285 1481 1377 1526 quia
1399 1482 1580 1518 tonsurae

324 1546 523 1583 discrimen
559 1557 637 1583 non
672 1547 812 1591 noceat,
856 1545 993 1592 quibus
1023 1556 1130 1592 pura
1171 1546 1209 1581 in
1246 1545 1374 1582 Deum
1399 1545 1510 1592 fides,
1543 1548 1579 1583 et

323 1612 467 1648 carita<-
487 1612 528 1648 in
540 1611 761 1658 proximum
787 1610 934 1648 sincera
959 1613 1037 1656 est;
1068 1611 1231 1648 maxime
1256 1622 1343 1647 cuni
1367 1623 1580 1658 numquam

314 1677 495 1724 patribus
526 1677 718 1714 catholicis
748 1676 847 1713 sicut
880 1676 923 1713 cle
945 1676 1111 1722 paschae
1143 1677 1205 1713 uel
1232 1677 1328 1723 fidei
1362 1676 1580 1715 diuersitate

323 1742 531 1789 conflictus,
557 1743 612 1779 ita
631 1742 745 1779 etiam
771 1741 814 1778 de
842 1744 1018 1779 tonsurae
1041 1742 1259 1788 differentia
1283 1743 1431 1790 leqatur
1448 1743 1580 1790 aliqua

314 1808 444 1855 fuisse
464 1808 747 1852 controuersia;
778 1807 879 1844 inter
896 1819 1024 1845 omnes
1051 1810 1188 1854 tamen,
1213 1820 1309 1855 quas
1331 1809 1393 1845 uel
1411 1809 1454 1845 in
1476 1809 1581 1846 eccle-

322 1874 392 1920 sia,
418 1874 479 1910 uel
498 1874 540 1910 in
559 1874 740 1910 uniuerso
763 1872 963 1909 hominum
982 1884 1113 1920 qenere
1135 1874 1366 1920 repperimus
1390 1876 1576 1921 tonsuras,

320 1940 471 1976 nullam
508 1939 631 1986 maqis
668 1938 899 1984 sequendam
939 1938 1049 1975 nobis
1085 1939 1457 1986 amplectendamque
1500 1941 1581 1977 iure

323 2005 484 2042 dixerim
522 2016 566 2041 ea
581 2002 603 2050 ¹,
647 2016 764 2051 quam
803 2004 844 2040 in
881 2005 1003 2050 capite
1035 2015 1104 2041 suo
1122 2005 1293 2051 qestabat
1329 2005 1402 2052 ille,
1446 2005 1507 2042 eui
1543 2016 1582 2043 se

323 2071 518 2117 confitenti
551 2070 744 2107 Dominus
776 2069 860 2106 ait:
895 2069 993 2106 “Tu
1025 2081 1062 2107 es
1086 2070 1234 2117 Petrus,
1270 2073 1305 2108 et
1337 2081 1452 2118 super
1481 2071 1582 2108 lianc
1606 2077 1726 2122 Matth.

317 2139 471 2184 petram
501 2135 705 2182 aedificabo
739 2135 930 2172 ecclesiam
959 2146 1094 2182 meam,
1112 2138 1147 2172 et
1167 2139 1304 2183 portae
1332 2136 1478 2182 inferni
1502 2148 1584 2174 non
1605 2118 1772 2153 xv1.18‚19.

317 2201 597 2248 praeualebunt
632 2201 818 2238 aduersus
857 2211 969 2246 eam,·
1013 2203 1048 2238 et
1085 2201 1153 2237 tibi
1183 2201 1279 2239 dabo
1316 2201 1441 2239 claues
1476 2202 1583 2249 reyni

325 2268 513 2304 caelorum
529 2265 565 2312 ’';
595 2266 746 2303 nullam
774 2267 898 2313 massis
926 2266 1226 2303 abominandam
1252 2267 1583 2313 detestandamque

324 2333 456 2370 merito
485 2332 628 2369 cunctis
647 2331 830 2378 fidelibus
853 2331 1075 2369 crediderim
1103 2343 1157 2379 ea,
1182 2344 1299 2379 quam
1325 2333 1485 2370 habebat
1505 2332 1577 2379 ille,

326 2399 387 2435 cui
415 2398 584 2445 qratiam
608 2396 779 2444 Spiritus
803 2396 934 2434 Sancti
960 2408 1165 2444 conparare
1190 2398 1332 2435 uolenti
1365 2398 1458 2435 dicit
1481 2398 1583 2435 idem

323 2463 493 2501 Petrus:
527 2462 736 2499 “Pecunia
759 2464 826 2499 tua
846 2464 966 2499 tecum
985 2463 1036 2500 sit
1053 2462 1095 2499 ‘in
1106 2463 1371 2510 perditionem,
1399 2463 1582 2510 quoniam
1605 2468 1677 2497 Aet.
1694 2467 1759 2496 viii.
1778 2503 1780 2507 Ι

327 2528 472 2566 donum
499 2528 574 2565 Dei
603 2527 829 2565 existimasti
847 2538 923 2574 per
939 2527 1148 2574 pecuniam
1169 2527 1384 2575 possideri,·
1421 2539 1499 2566 non
1530 2530 1584 2567 est
1606 2517 1650 2544 ²⁰⁷
1666 2517 1706 2535 ²¹·

606 2611 615 2628 ¹
640 2613 686 2644 M.
704 2616 790 2643 wrote
807 2615 840 2643 at
847 2615 918 2649 first
934 2613 1155 2650 criminibus,
1174 2622 1266 2645 eam„
