1803 2887
255 149 332 179 Cap,
350 144 407 185 [1.]
654 137 806 179 Gentis
835 137 1104 191 Awylorum.
1426 139 1509 179 283

256 253 436 291 sulatum
471 253 677 302 suscepit3
708 254 757 291 de
796 266 875 301 quo
904 252 1020 301 plura
1054 252 1258 290 uirtutum
1298 253 1505 301 miracula,

254 318 323 367 qui
340 332 434 356 eum
452 319 710 357 familiariter
725 320 941 366 nonerunt,
960 318 1091 356 dicere
1110 318 1254 363 solent,
1274 321 1313 355 et
1330 318 1509 356 maxime

253 383 317 420 uir
354 384 713 422 reuerentissimus
745 397 789 421 ac
819 383 1105 421 ueracissimus
1140 383 1393 430 Berctl1un¹‚
1430 384 1509 421 dia-

253 462 379 486 conus
406 450 612 498 quondam
644 449 740 496 eius,
769 462 879 486 nunc
909 451 1047 486 autem
1076 448 1199 486 abbas
1228 448 1467 485 monasterii
1482 448 1505 495 ²,

252 515 359 563 quod
379 517 549 553 uocatur
570 515 830 553 Inderauuda
843 515 866 562 ³,
891 515 932 552 id
955 517 1016 552 est
1037 514 1088 551 In
1110 514 1215 551 silua
1232 515 1434 551 Derorum
1453 528 1460 561 ;
1489 528 1510 551 e

252 580 399 628 quibus
415 580 551 630 aliqua
571 580 792 618 memoriae
811 580 969 618 tradere
989 579 1252 617 commodum
1274 579 1479 616 duximus.

306 646 379 683 Est
400 647 559 684 mansio
581 647 777 695 quaedam
801 646 1003 685 secretior.
1028 658 1195 682 nemore
1223 658 1313 682 raro
1334 647 1374 682 et
1400 645 1508 682 uallo

251 711 510 759 circumdata,
555 725 638 750 non
678 712 799 760 longe
838 712 889 749 ab
935 710 1260 760 Hagustaldensi
1275 712 1285 728 ⁴
1326 710 1503 751 ecclesia,

254 776 291 814 id
313 779 373 815 est
394 778 516 815 unius
531 777 661 815 ferme
675 777 843 815 miliarii
860 778 900 815 et
917 777 1077 814 dimidii
1095 777 1226 825 spatio
1243 776 1509 814 interfluente

250 842 354 880 Tino
394 856 515 880 amne
557 845 741 892 separata
757 842 780 890 5,
824 842 981 880 habens
1022 842 1310 892 clymeterium
1327 842 1338 861 ⁶
1377 841 1506 879 saneti

250 907 493 945 Michahelis
511 908 754 958 archangeli,
774 908 817 945 in
839 921 919 957 qua
931 908 996 946 uir
1017 908 1091 945 Dei
1114 907 1286 956 saepius⁷
1305 907 1374 944 ubi
1397 921 1509 956 opor·

250 973 404 1011 tunitas
416 973 626 1011 adridebat
639 974 848 1022 temporis,
868 976 908 1011 et
922 973 1100 1011 maxime
1114 973 1156 1010 in
1171 972 1504 1022 quadragesiniffl,

249 1052 413 1076 manere
429 1052 521 1076 cuin
538 1039 687 1088 paucis,
704 1042 826 1088 atque
839 1039 1089 1077 orationibus
1103 1052 1146 1076 ao
1162 1039 1328 1076 lectioni
1346 1038 1510 1087 quietus

249 1117 411 1153 operam
432 1105 525 1142 dare
550 1107 822 1143 consueuerat.
885 1105 1071 1153 Cumque
1100 1107 1286 1153 tempore
1317 1104 1504 1153 quodam,

250 1169 472 1218 incipiente
502 1170 821 1219 quadragesima,
847 1169 1000 1207 ibidem
1031 1183 1252 1207 mansurus
1279 1169 1503 1209 adueniret.

248 1235 367 1273 iussit
405 1235 490 1273 suis
525 1249 716 1285 quaerere
751 1249 970 1284 pauperem
1003 1235 1182 1284 aliquem
1213 1235 1366 1273 maiore
1399 1235 1508 1272 infir-

248 1300 391 1338 mitate
420 1301 484 1338 uel
517 1300 654 1350 inopia
679 1303 906 1350 grauatum,
932 1315 1055 1350 quem
1082 1314 1221 1338 secum
1250 1301 1397 1338 habere
1425 1300 1509 1338 illis

250 1365 395 1404 diebus
428 1367 477 1404 ad
511 1366 739 1404 faciendam
774 1366 1046 1416 elimosynam
1081 1369 1275 1416 possent;
1306 1366 1363 1404 sic
1395 1367 1506 1404 enim

250 1445 409 1480 semper
430 1432 559 1470 facere
579 1433 743 1471 solebat.

303 1498 402 1535 Erat
422 1500 560 1535 autem
585 1498 628 1535 in
648 1498 749 1536 uilla
775 1512 860 1536 non
880 1498 1001 1548 longe
1027 1498 1159 1547 posita
1180 1497 1347 1547 quidam
1377 1498 1510 1535 adule-

249 1577 365 1601 scens
394 1565 546 1611 mutus,
580 1563 767 1613 episcopo
800 1566 933 1610 notus,
970 1577 1064 1601 nam
1095 1563 1253 1612 saepius
1273 1565 1367 1601 ante
1388 1564 1507 1601 illum

248 1629 528 1678 percipiendae
549 1629 801 1679 elimosynae
821 1629 950 1679 gratia
969 1629 1112 1667 uenire
1132 1631 1411 1676 consueuerat,
1437 1629 1507 1678 qui

249 1708 299 1732 ne
320 1708 450 1732 unum
473 1695 639 1744 quidem
661 1708 894 1733 sermonem
921 1708 1119 1744 umquam
1147 1695 1297 1743 profari
1323 1697 1479 1743 poterat
1501 1709 1509 1742 ;

249 1761 317 1798 sed
340 1763 380 1798 et
402 1760 578 1798 scabiem
600 1763 759 1798 tantam
779 1774 823 1799 ac
839 1761 1020 1798 furfures
1041 1761 1214 1798 habebat
1234 1762 1279 1798 in
1301 1761 1443 1809 capite,
1465 1764 1509 1798 ut

248 1826 308 1864 nil
339 1839 537 1876 umquam
567 1826 809 1875 capillorum
839 1826 876 1864 ei
907 1828 950 1864 in
982 1826 1189 1875 superiore
1221 1828 1335 1875 parte
1365 1826 1509 1875 capitis

248 1892 359 1930 nasci
388 1892 552 1940 ualeret,
583 1894 748 1930 tantum
778 1893 821 1930 in
853 1892 1025 1930 circuitu
1058 1892 1212 1930 horridi
1241 1892 1374 1930 crines
1403 1895 1509 1930 stare

251 1957 506 1996 uidebantur.
567 1958 694 1995 Hunc
724 1971 818 2008 ergo
850 1957 997 1996 adduci
1027 1957 1249 2006 praecipitS
1282 1957 1506 2006 episcopus,

251 2026 290 2061 et
310 2023 346 2061 ei
366 2023 409 2060 in
430 2023 636 2072 conseptis
651 2023 835 2061 eiusdem
851 2022 1079 2061 mansionis
1098 2036 1274 2072 paruum
1295 2023 1509 2071 tugurium

251 2089 348 2135 fieri,
369 2089 412 2126 in
434 2103 513 2138 quo
530 2102 702 2126 manens
717 2089 963 2126 cotidianam
985 2088 1034 2126 ab
1055 2088 1112 2126 eis
1132 2088 1281 2137 stipem
1297 2088 1504 2137 acciperet.

250 2155 435 2203 Cumque
464 2167 546 2191 una
570 2154 903 2203 quadragesimae
932 2156 1037 2192 esset
1064 2153 1235 2202 impleta
1264 2153 1505 2202 septimana,

250 2222 445 2269 sequente
475 2220 680 2257 dominica
709 2219 830 2257 iussit
857 2220 906 2257 ad
937 2232 980 2257 se
1010 2219 1165 2257 intrare
1195 2232 1426 2268 pauperem,
1452 2219 1508 2256 in-

250 2298 386 2334 gresso
406 2284 592 2334 linguam
609 2285 788 2335 proferre
807 2298 856 2322 ex
877 2298 954 2333 ore,
975 2298 1019 2322 ac
1041 2285 1119 2322 sibi
1134 2285 1349 2322 ostendere
1365 2284 1483 2322 iussit
1501 2300 1509 2332 3

292 2407 302 2424 ¹
327 2409 443 2439 berht-
460 2409 495 2440 C.
588 2408 600 2425 ²
624 2411 669 2439 -ri
687 2409 731 2440 M.
824 2409 835 2426 ³
858 2410 971 2440 —uudu
989 2410 1023 2440 C.
1116 2409 1125 2426 ⁴
1150 2419 1206 2449 ag·
1223 2409 1258 2440 C.
1360 2409 1371 2426 ⁵
1395 2419 1507 2448 seper—

251 2460 294 2491 M.
315 2461 362 2491 C'.
516 2462 527 2479 θ
550 2464 593 2491 sic
610 2462 654 2493 M.
672 2462 700 2491 B
718 2472 725 2499 ;
749 2462 990 2501 clymiterium
1009 2462 1039 2492 N
1056 2472 1062 2498 ;
1087 2461 1319 2492 climiterium
1338 2461 1387 2502 Hl
1405 2472 1412 2499 ;
1437 2462 1506 2500 cly-

249 2513 432 2543 mitorium
450 2513 484 2544 C.
506 2513 548 2544 D.
564 2513 622 2545 &c.
726 2512 737 2529 ⁷
760 2515 857 2545 xlma
874 2514 918 2545 M.
936 2515 971 2554 C,
990 2517 1054 2544 and
1070 2524 1099 2544 so
1116 2517 1295 2551 throughout
1313 2516 1358 2544 the
1375 2516 1504 2550 chapter.

248 2564 258 2580 ³
281 2565 387 2604 —eepit
404 2565 438 2595 C.

1535 1509 1583 1537 He
1599 1518 1692 1537 eures
1707 1518 1725 1537 a

1534 1549 1635 1576 (lumb
1651 1550 1718 1583 hay.
