1803 2887
263 175 346 216 108
625 172 674 213 H
675 170 829 213 ite-toria
860 168 1166 211 Ecclesiastica
1365 174 1451 215 [Lm.
1470 177 1515 207 11.

262 291 486 330 fidissimus
503 288 670 339 quidam
685 287 841 326 amicus
860 286 973 323 illius
992 283 1286 323 animaduertit
1300 282 1322 330 ¹,
1347 282 1518 321 intrauit

263 356 509 403 cubiculum,
538 368 619 404 quo
647 353 825 392 dormire
851 351 1104 400 disponebat,
1129 351 1215 387 erat
1245 349 1359 387 enim
1384 348 1519 398 prima

264 422 363 459 hora
392 420 535 468 noctis,
568 421 608 457 et
639 419 855 456 euocatum
879 417 997 462 foras,
1029 415 1127 464 quid
1156 428 1249 464 erga
1277 427 1371 451 eum
1401 426 1518 462 agere

263 500 334 524 rex
362 485 626 535 promisisset,
652 483 824 531 edocuit,
853 485 893 520 et
923 482 1091 529 insuper
1124 479 1293 517 adiecit:
1328 479 1394 517 ‘Si
1423 491 1518 527 ergo

265 552 338 600 uis,
363 552 439 589 hac
458 551 547 600 ipsa
566 550 665 587 hora
684 549 853 587 educam
873 549 913 585 te
934 547 983 584 de
1002 547 1077 584 hac
1100 544 1319 594 prouincia,
1344 545 1384 582 et
1403 557 1449 581 ea
1475 543 1518 580 in

264 618 350 655 loca
383 616 652 662 introducam,
687 613 761 651 ubi
789 625 1020 661 numquam
1052 613 1093 648 te
1122 611 1189 648 uel
1218 609 1414 657 Reduald,
1453 608 1519 646 uel

264 681 493 720 Aedilfrid2
514 680 704 718 inuenire
719 676 907 717 ualeant'
949 677 1028 725 Qui
1042 676 1124 714 ait:
1150 676 1332 713 ‘Gratias
1353 674 1520 724 quidem

264 761 339 797 ago
359 746 671 785 beneuolentiae
691 747 784 783 tuae
802 759 810 791 ;
840 757 924 781 non
944 745 1084 781 tamen
1104 742 1181 779 hoc
1195 741 1324 779 facere
1336 753 1516 789 possum,

264 813 373 862 quod
399 811 594 862 suggeris,
618 811 689 849 ut3
715 811 892 860 pactum,
924 808 1031 857 quod
1058 820 1152 845 cum
1171 808 1288 844 tanto
1317 819 1410 854 rege
1430 805 1517 852 inii,

265 878 352 927 ipse
385 877 546 926 primus
579 876 745 914 irritum
776 874 931 920 faciam,
970 887 1063 911 cum
1094 873 1164 909 ille
1195 871 1299 909 mihi
1333 871 1394 908 nil
1422 870 1522 907 mali

266 943 416 990 fecerit,
433 943 493 980 nil
513 942 646 980 adhuc
661 940 971 979 inimicitiarum
984 937 1184 976 intulerit.
1246 936 1355 985 Quin
1371 935 1518 985 potius,

268 1009 301 1046 si
339 1008 564 1046 moriturus
605 1020 709 1055 sum,
758 1006 827 1043 ille
865 1019 933 1043 me
970 1004 1101 1053 magis
1141 1016 1263 1052 quam
1305 1001 1524 1051 ignobilior

266 1074 440 1124 quisque
459 1073 585 1111 morti
602 1072 746 1110 tradat.
809 1071 897 1119 Quo
917 1071 1029 1108 enim
1050 1082 1161 1107 nunc
1176 1068 1343 1117 fugiam,
1364 1067 1434 1116 qui
1453 1079 1524 1116 per

267 1152 411 1177 omnes
440 1137 668 1176 Brittaniae
691 1135 925 1186 prouincias
953 1137 1014 1173 tot
1043 1147 1246 1172 annorum
1277 1135 1524 1181 temporum—

268 1218 347 1254 que
367 1204 581 1242 curriculis
594 1202 862 1251 uagabundus
874 1203 885 1219 ⁴
899 1200 1085 1238 hostium
1097 1199 1280 1237 uitabam
1295 1198 1466 1236 insidias
1481 1198 1501 1235 ‘?
1514 1197 1524 1212 ²

268 1271 461 1308 Abeunte
485 1269 613 1318 igitur
642 1267 784 1315 amico,
809 1266 1004 1304 remansit
1031 1264 1238 1303 Aeduini⁵
1269 1264 1379 1302 solus
1409 1263 1520 1310 foris,

268 1335 532 1383 residensque
588 1335 746 1371 mestus
792 1334 886 1370 ante
932 1331 1141 1380 palatium,
1193 1329 1338 1367 multis
1394 1328 1526 1377 coepit

269 1400 565 1450 cogitationum
586 1398 767 1436 aestibus
792 1397 906 1445 affici,
931 1397 1028 1446 quid
1049 1397 1195 1446 ageret,
1221 1408 1352 1444 quoue
1379 1394 1526 1444 pedem

270 1467 458 1513 uerteret,
483 1464 656 1502 nesciuS.

325 1532 511 1580 Cumque
537 1529 607 1568 diu
636 1528 771 1566 tacitis
800 1528 954 1566 mentis
982 1526 1213 1576 angoribus,
1237 1527 1277 1564 et
1305 1538 1420 1564 caeco
1444 1537 1526 1562 car-

271 1598 436 1646 peretur
455 1595 553 1645 igni,
584 1594 690 1632 uidit
720 1593 857 1631 subito
885 1593 1135 1642 intempesta
1163 1593 1282 1630 nocte
1308 1590 1473 1629 silentio
1498 1587 1503 1640 Ι

270 1661 670 1711 adpropinquantem
708 1659 788 1697 sibi
833 1659 1046 1696 hominem
1094 1658 1238 1696 uultus
1283 1656 1528 1704 habitusque

271 1726 500 1776 incogniti;
539 1739 663 1775 quem
693 1725 850 1772 uidens,
885 1726 931 1762 ut
964 1724 1154 1774 ignotum
1183 1725 1223 1761 et
1252 1722 1524 1771 inopinatum,

272 1807 356 1832 non
376 1806 522 1842 parum
549 1791 723 1840 expauit.
784 1791 842 1828 At
872 1790 942 1827 ille
971 1790 1166 1828 accedens
1195 1788 1392 1827 salutauit
1418 1800 1525 1835 eum,

272 1861 313 1897 et
340 1857 617 1906 interrogauit,
647 1869 770 1905 quare
799 1856 869 1893 illa
897 1856 1006 1903 hora,
1035 1856 1178 1893 ceteris
1207 1853 1524 1904 quiescentibus,

273 1927 312 1962 et
350 1924 433 1962 alto
472 1935 616 1971 sopore
657 1921 818 1970 pressis,
858 1921 968 1959 solus
1006 1921 1094 1970 ipse
1125 1924 1283 1959 mestus
1313 1922 1358 1959 in
1396 1921 1531 1970 lapide

271 1989 447 2039 peruigil
476 1988 643 2026 sederet.
706 1987 764 2024 At
797 1987 868 2024 ille
898 1986 1079 2024 uicissim
1108 1987 1398 2034 sciscitabatur,
1432 1985 1530 2036 quid

271 2056 321 2093 ad
351 2068 446 2092 eum
475 2053 709 2103 pertineret,
739 2054 880 2090 utrum
905 2052 991 2100 ipse
1017 2052 1131 2089 intus
1159 2065 1211 2090 an
1240 2051 1339 2090 foris
1367 2054 1532 2090 noctem

273 2120 525 2169 transigeret.
588 2118 667 2166 Qui
699 2118 951 2167 respondens
984 2117 1068 2156 ait:
1115 2117 1198 2155 ‘Ne
1236 2131 1303 2155 me
1340 2118 1533 2156 aestimes

273 2189 366 2224 tuae
404 2185 609 2222 mestitiae
657 2186 696 2221 et
744 2183 1058 2231 insomniorum,
1103 2185 1144 2221 et
1190 2183 1415 2221 forinsecae
1462 2182 1532 2220 et⁶

274 2251 477 2289 solitariae
507 2249 699 2288 sessionis
733 2262 897 2287 causam
925 2248 1107 2296 nescire3
1146 2248 1229 2286 scio
1259 2249 1371 2286 enim
1400 2248 1533 2286 certis-

276 2316 380 2354 sime
407 2316 478 2364 qui
505 2328 557 2363 es,
587 2317 626 2352 et
657 2328 780 2363 quare
810 2327 954 2363 meres,
988 2316 1027 2352 et
1057 2327 1159 2363 quae
1182 2316 1357 2351 uentura
1382 2313 1459 2351 tibi
1488 2313 1532 2350 in

276 2380 463 2430 proximo
492 2380 599 2418 mala
627 2379 833 2418 formida-s.
896 2379 974 2417 Sed
1002 2379 1125 2417 dicito
1155 2379 1271 2427 mihi,
1303 2379 1402 2428 quid
1427 2391 1533 2416 mer-

320 2487 330 2505 1
355 2488 458 2517 -teret
475 2487 510 2517 C.
528 2486 579 2517 B2.
723 2485 735 2502 ²
757 2489 835 2516 Here
852 2489 897 2516 the
912 2489 1062 2516 cross-bar
1077 2488 1113 2523 of
1121 2489 1166 2516 tlze
1183 2486 1200 2515 ὂ
1218 2488 1245 2516 is
1260 2488 1403 2523 certainly
1420 2488 1456 2522 by
1473 2483 1511 2516 0²
1526 2495 1534 2524 3

281 2550 304 2570 r.
322 2541 414 2577 note,
434 2549 467 2578 p.
482 2550 533 2578 44.
612 2538 624 2555 2
650 2538 743 2577 quod
760 2537 818 2569 M¹.
885 2538 896 2555 4
920 2538 1077 2577 -pundus
1092 2549 1125 2568 ογ
1141 2538 1289 2568 -fundus
1306 2537 1365 2569 M1.
1444 2537 1455 2555 ⁵
1477 2537 1535 2568 ed-

279 2591 388 2622 uuine
407 2590 432 2621 C
447 2601 454 2629 3
477 2591 602 2621 eduini
619 2590 661 2621 Bl
675 2602 684 2629 3
708 2601 766 2622 -ne
782 2588 835 2631 13²,
855 2593 920 2621 and
935 2601 967 2621 so
982 2592 1071 2628 often.
1203 2591 1214 2609 ⁶
1237 2600 1275 2620 ac
1292 2590 1329 2621 C.

1551 1531 1591 1560 cf.
1610 1533 1704 1568 Verg.

1550 1571 1630 1600 Aen.
1641 1571 1683 1600 iv.
1695 1581 1718 1600 2.

1551 1621 1664 1658 f.37bi
