1803 2887
66 271 113 298 Its

66 311 228 344 products.

275 848 528 905 >gubicundi,
567 851 608 887 et
645 852 849 900 purpurei,
888 854 928 890 et
964 852 1161 900 iacintini,
1201 853 1241 890 et
1278 851 1442 900 prasini,
1486 851 1554 888 sed

298 147 351 185 10
650 147 700 187 H
701 147 855 190 istoria
884 147 1190 190 Ecclesiastiea
1422 156 1505 197 [Lm.
1524 159 1548 190 Ι.

296 262 389 309 apta
417 261 628 309 pecoribus
655 277 700 302 ac
729 264 952 314 iumentis3
984 267 1124 304 uineas
1151 265 1276 303 etiam
1306 263 1549 313 quibusdam

295 325 339 363 in
361 326 461 363 locis
483 327 720 375 germinans
740 344 748 375 ;
778 332 847 368 sed
868 334 908 369 et
930 332 1070 369 auium
1095 332 1209 369 ferax
1234 331 1341 367 terra
1366 328 1549 377 marique

296 391 457 440 generis
495 392 674 441 diuersi;
718 395 857 433 fluuiis
888 410 1049 446 quoque
1082 396 1264 434 multum
1301 394 1468 443 piscosis
1505 406 1549 431 ac

296 456 481 493 fontibus
501 458 703 505 praeclara
718 461 898 509 copiosis,
919 464 959 499 et
978 462 1145 511 quidem
1166 460 1378 510 praecipue
1391 457 1548 496 issicio¹

322 522 324 571 Ι
350 522 540 569 abundat,
566 525 604 560 et
624 525 814 574 anguilla.
877 527 1104 575 Capiuntur
1128 528 1267 564 autem
1287 516 1523 573 sa513issime
1538 522 1552 542 ²
1574 529 1594 559 f.
1610 529 1664 563 3b·

297 589 337 624 et
358 587 480 624 uituli
508 589 668 636 marini,
693 592 733 627 et
753 591 980 640 delphineS,
1005 605 1080 630 nec
1102 605 1186 629 non
1207 593 1247 628 et
1266 590 1434 628 balenae
1453 603 1462 636 ;
1492 602 1553 626 ex-

298 652 427 700 ceptis
461 652 669 692 uariorum
707 657 922 704 generibus
961 657 1240 706 concyliorum
1261 670 1269 703 3
1317 656 1360 692 in
1406 654 1554 703 quibus

299 719 396 755 sunt
415 720 455 755 et
475 719 694 767 musculae,
720 721 868 770 quibus
894 722 1096 760 inclusam
1123 735 1241 771 saepe
1264 720 1527 769 margaritam
1542 720 1554 739 ³

299 783 434 820 omnis
463 784 629 832 quidem
658 786 827 824 coloris⁴
858 788 1059 836 optimam
1089 787 1320 834 inueniunt,
1351 785 1393 823 id
1424 787 1484 823 est
1514 787 1554 822 et

300 914 478 951 maxime
525 915 697 953 candidi.
778 918 884 955 Sunt
931 920 971 955 01
1009 918 1165 955 cocleae
1212 917 1311 954 satis
1353 929 1555 964 superque

299 979 566 1027 abundantes,
592 981 740 1029 quibus
764 983 943 1020 tinctura
963 983 1137 1020 coccinei
1165 982 1310 1020 coloris
1330 980 1551 1028 conficitur,

301 1045 416 1083 cuius
436 1045 560 1082 rubor
585 1047 884 1094 pulcherrimus
914 1049 1030 1085 nullo
1050 1061 1249 1097 umquam
1276 1047 1375 1085 solis
1399 1047 1551 1092 ardore,

302 1111 417 1149 nulla
456 1111 565 1148 ualet
603 1112 839 1160 pluuiarum
876 1114 1027 1151 iniuria
1073 1114 1315 1163 pallescere3
1360 1112 1429 1150 sed
1478 1124 1557 1160 quo

301 1175 513 1223 uetustior,
535 1189 580 1213 eo
609 1177 712 1214 solet
742 1191 829 1215 esse
858 1179 1080 1217 uenustior.
1141 1178 1279 1216 Habet
1307 1177 1443 1214 fontes
1471 1176 1559 1214 sali·

302 1254 461 1289 narum,
502 1241 626 1279 habet
666 1244 706 1280 et
743 1243 878 1281 fontes
916 1244 1075 1292 calidos,
1119 1246 1160 1281 01
1207 1257 1257 1281 ex
1305 1243 1363 1280 eis
1409 1242 1558 1280 fluuios

301 1307 540 1344 balnearum
561 1307 781 1345 calidarum
803 1310 915 1346 omni
936 1309 1057 1347 aetati
1077 1311 1116 1347 et
1140 1309 1255 1346 sexui
1274 1322 1345 1358 per
1365 1308 1558 1346 distincta
1773 1357 1775 1361 ι

302 1373 389 1409 loca
417 1371 531 1423 iuxta
558 1385 681 1410 suum
710 1373 856 1422 cuique
882 1374 1051 1411 modum
1078 1374 1372 1411 accommodos.
1432 1371 1554 1419 Aqua
1578 1381 1752 1408 Hexaeme-
1771 1398 1773 1402 «
1795 1389 1798 1417 1

304 1440 426 1485 enim,
465 1429 709 1486 utisanctus
742 1439 920 1476 Basilius
955 1439 1063 1487 dicit,
1093 1441 1291 1487 feruidam
1331 1439 1555 1486 qualitatem
1577 1420 1798 1488 {gagiiomw

303 1506 442 1552 reeipit,
477 1516 562 1541 eum
592 1516 668 1552 per
703 1508 804 1542 certa
841 1506 1029 1552 quaedam
1062 1506 1216 1543 metalla
1248 1506 1488 1551 transcurrit,
1526 1506 1560 1541 et

297 1571 350 1617 fit
389 1583 469 1608 uon
510 1571 632 1608 solum
679 1571 816 1618 calida,
862 1572 927 1609 secl
974 1574 1007 1609 et
1054 1572 1203 1609 ardeus.
1279 1570 1390 1618 Quae
1437 1569 1560 1607 etiam
1765 1588 1770 1612 1,

302 1637 412 1673 uenis
448 1637 697 1683 metallorum,
736 1635 851 1683 aeris,
889 1636 994 1683 ferri,
1034 1638 1074 1673 et
1107 1635 1279 1685 plumbi,
1315 1637 1355 1673 et
1385 1635 1555 1684 argenti,
1764 1624 1770 1688 1

301 1701 483 1748 fecunda,
512 1700 644 1750 gignit
665 1702 703 1738 et
727 1701 901 1749 lapidem
919 1705 1099 1750 yafsatem
1112 1703 1333 1749 plurimum
1354 1703 1558 1749 optimum·
1582 1710 1721 1754 Soliti-us.
1763 1689 1765 1734 1

304 1778 374 1815 que
392 1781 400 1814 3
430 1769 490 1804 est
511 1769 648 1804 autem
668 1768 966 1814 uimoyeumzeus
979 1767 1002 1813 ⁵,
1021 1769 1061 1804 et
1081 1768 1224 1805 ardens
1244 1766 1331 1816 igni
1351 1767 1552 1813 admotus,
1580 1759 1605 1777 ⁰·
1622 1758 1698 1776 '³³¹¹'
1763 1752 1764 1757 ¹

303 1834 496 1870 incensus
529 1834 737 1881 serpentes
774 1832 900 1882 fugat,
943 1834 1089 1870 adtritu
1128 1833 1335 1880 calefactus
1377 1833 1559 1880 adplicita

305 1901 453 1945 (Ietioiet,
479 1910 593 1946 aeque
614 1900 661 1935 ut
681 1899 867 1937 sueiumn.
928 1898 1027 1936 Erat
1047 1900 1086 1935 01
1110 1899 1330 1936 ciuitatibus
1350 1898 1557 1946 quondam
1582 1908 1703 1941 Gildas,

306 1965 388 2003 XX
422 1966 462 2001 et
495 1963 631 2001 VIII⁰
670 1963 940 2001 nobilissimis
970 1963 1178 2012 insignita,
1218 1965 1378 2012 praeter
1409 1964 1560 2001 castella
1584 1948 1639 1984 §3'

306 2032 535 2076 innumera,
561 2042 665 2078 quae
686 2030 725 2066 et
755 2028 841 2078 ipsa
860 2031 984 2067 muris
1006 2029 1191 2077 turribus,
1209 2029 1346 2077 portis,
1371 2041 1414 2066 ac
1438 2028 1560 2067 seris⁷

307 2098 422 2134 erant
444 2098 630 2134 instructa
650 2094 912 2133 firmissimis.

360 2163 413 2199 Et
435 2161 530 2210 quia
556 2174 680 2210 prope
701 2161 777 2198 sub
797 2161 884 2210 ipso
908 2160 1218 2210 septentrionali
1232 2160 1243 2179 '³
1266 2162 1404 2197 uertice
1424 2160 1562 2197 mundi
1586 2171 1668 2215 Prin.

305 2228 418 2275 iacet,
452 2228 599 2265 lucidas
627 2230 765 2265 aestate
793 2231 917 2266 noctes
945 2227 1091 2271 habe&
1121 2226 1178 2264 ita
1206 2228 1251 2263 ut
1281 2225 1415 2263 medio
1445 2237 1563 2272 saepe
1586 2208 1753 2284 ff1s7t7..Nat.

304 2295 487 2342 tempore
498 2293 629 2330 noctis
642 2292 685 2330 in
696 2293 979 2341 quaestionem
992 2293 1129 2330 ueniat
1141 2291 1411 2338 intuentibus,
1422 2292 1563 2327 utrum

306 2359 590 2408 crepuscuhun
623 2359 755 2396 adhuc
788 2360 1023 2407 permaneat
1056 2357 1352 2406 uespertinum,
1391 2370 1443 2394 an
1480 2355 1564 2393 iam

351 2460 359 2476 ¹
385 2469 491 2496 esoce,
510 2461 625 2488 written
642 2469 706 2489 over
722 2459 838 2488 issicio
852 2458 894 2490 N.
952 2456 963 2473 ²
988 2468 1087 2497 saepe
1105 2457 1164 2488 M1.
1219 2456 1231 2473 3
1255 2457 1488 2495 margaretam
1505 2454 1564 2485 M1.

307 2512 317 2529 ⁴
341 2512 465 2542 coloris
483 2521 538 2541 0112.
557 2510 614 2541 M¹.
761 2510 772 2526 ⁵
796 2511 911 2549 niger-
925 2510 966 2540 B.
1113 2508 1124 2525 ⁰
1146 2519 1231 2540 anes
1248 2519 1349 2539 wana
1366 2508 1560 2548 prittigum,

310 2565 332 2594 i.
345 2574 373 2594 e.
390 2573 474 2593 xxm
490 2563 555 2593 As.
690 2561 701 2579 ⁷
725 2563 823 2592 saeris
840 2562 896 2599 M;
922 2562 1026 2592 serris
1044 2562 1079 2592 C.
1213 2562 1224 2579 ⁸
1248 2561 1295 2590 -le
1312 2558 1370 2590 MR
