1803 2887
334 180 418 220 368
737 178 788 219 H
791 177 946 219 istoria
978 176 1199 218 Abbatwm

334 292 486 332 facere¹
519 292 788 343 praeciperet.
851 291 992 340 Quod2
1024 292 1179 329 factum
1216 291 1287 337 est⁷
1326 290 1431 328 sicut
1470 291 1512 327 et
1544 289 1589 326 in
1610 302 1632 330 f.
1650 300 1709 337 9b.

334 359 546 408 prohemio
565 359 748 406 memini,
773 358 823 396 ad
844 359 985 396 ostium
997 358 1179 405 fluminis
1203 357 1258 394 W
1253 353 1338 404 yri³
1358 356 1407 394 ad
1428 355 1587 393 leuam⁴

335 438 436 464 anno
466 425 516 462 ab
544 426 809 462 incarnatione
840 424 1001 460 Domini
1030 423 1288 460 sexcentesimo
1318 421 1591 468 septuaqesimo

336 493 480 538 quarto,
516 491 719 527 indictione
747 489 922 535 secunda,
957 500 1061 526 anno
1092 490 1219 525 antem
1251 486 1414 534 qnarto⁵
1440 487 1591 534 imperii

337 556 519 604 Eeyfre'dz·
538 557 636 603 rcyis
648 555 670 593 ⁶.
1329 600 1332 606 ἱ

107 639 317 672 Heprocures
395 632 428 667 5.
463 621 545 658 Nec
570 620 790 668 plusquam
818 618 942 656 unius
972 618 1068 656 anni
1098 617 1226 666 spatio
1255 618 1347 666 post
1367 617 1592 664 fundatum

108 676 311 744 ῗῇζξῇῗὲῗῖ·
339 686 621 724 monasterium
655 684 877 730 interiecto,
914 684 1146 721 Benedictus
1180 695 1328 719 oceano
1359 682 1594 721 transmisso

342 753 493 791 Gallias
525 752 677 799 petens,
717 749 1010 787 cementalios⁷
1046 748 1117 797 qui
1154 748 1357 796 lapideam
1391 747 1470 785 sibi
1508 761 1594 785 aec-

338 817 502 855 clesiam
518 816 631 853 iuxta
648 816 928 853 Romanorum
949 827 1072 863 quem
1089 827 1248 862 semper
1261 813 1423 850 amabat
1437 826 1594 850 morem

339 883 526 928 facerent,
565 881 801 930 postulauit,
836 881 1001 929 accepit,
1037 879 1195 917 adtulit.
1270 879 1325 916 Et
1353 879 1517 916 tantum
1549 879 1594 916 in

340 948 540 997 operando
562 946 710 984 studii8
730 960 826 995 prae
845 959 982 984 amore
1005 946 1115 983 beati
1134 946 1241 983 Petri
1270 946 1312 982 in
1342 944 1456 982 cuius
1484 945 1595 983 hono-

339 1026 416 1052 rem
433 1013 444 1032 ⁹
457 1012 636 1060 faciebat
655 1011 849 1059 exhibuit,
874 1013 921 1049 ut
939 1011 1046 1048 intra
1065 1011 1189 1048 unius
1208 1009 1307 1047 anni
1328 1009 1525 1047 circulum
1545 1023 1594 1047 ex

341 1093 421 1128 quo
450 1079 721 1116 fundamenta
749 1078 846 1115 sunt
879 1077 991 1124 iecta7
1028 1076 1279 1114 culminibus
1313 1075 1589 1124 superpositis,
1800 1078 1803 1093 ¹

342 1144 559 1181 missarum
592 1142 695 1180 inibi
733 1141 959 1190 solempnia
998 1141 1189 1179 celebrari
1222 1141 1392 1179 uideres.
1454 1140 1592 1178 Proxi-

342 1211 480 1246 mante
513 1209 651 1245 autem
684 1207 734 1245 ad
768 1207 993 1256 perfectum
1032 1220 1160 1255 opere,
1193 1207 1306 1244 misit
1341 1205 1556 1255 legatarios
1567 1206 1594 1225 ¹⁰

344 1274 450 1312 Galli
455 1287 531 1317 am,
545 1274 616 1322 qui
627 1273 727 1310 uitri
734 1273 915 1320 factores,
928 1272 1099 1309 artifices
1112 1272 1302 1309 uidelicet
1312 1271 1559 1310 Brittanniis
1568 1270 1593 1290 ¹¹

344 1342 511 1377 eatenus
531 1338 771 1388 incognitos,
796 1336 884 1375 ad12
906 1338 1188 1375 cancellandas
1202 1337 1226 1356 ¹³
1246 1337 1458 1375 aecclesiae
1477 1336 1596 1386 porti-

345 1417 520 1453 cumque
558 1406 599 1440 et
637 1403 946 1440 caenaculorum
985 1403 1071 1440 eius
1108 1402 1308 1440 fenestras
1335 1402 1591 1440 adducerent.

349 1471 600 1518 Factumque
614 1469 953 1516 est¹⁴‚11ene1-unt;
970 1482 1043 1505 nec
1057 1468 1189 1505 solum
1203 1468 1598 1517 opuspostulatum¹⁵

346 1534 763 1584 compleue1²1111t‚sed
793 1535 833 1571 et
852 1534 1084 1583 Anglorum
1115 1547 1163 1570 ex
1193 1546 1238 1570 eo
1268 1535 1433 1582 gentem
1462 1533 1598 1571 huius-

350 1601 463 1639 modi
484 1599 704 1638 artificium
728 1612 846 1637 nosse
866 1612 910 1636 ac-
930 1599 1083 1636 discere
1100 1599 1125 1618 ¹⁶
1144 1599 1329 1636 fecerunt
1348 1613 1357 1646 ;
1381 1598 1598 1636 artificium

348 1665 546 1703 nimirum
559 1664 625 1701 uel
639 1664 871 1712 lampadis¹⁷
886 1664 1099 1701 aecclesiae
1115 1663 1311 1711 claustris,
1328 1663 1395 1701 uel
1408 1677 1599 1701 uasorum

349 1730 588 1768 multifariis
630 1730 773 1767 usibus
810 1743 895 1767 non
933 1730 1171 1779 ignobiliter
1208 1732 1361 1778 aptum.
1441 1730 1521 1768 Sed
1561 1731 1602 1767 et

349 1797 493 1834 cuncta
520 1808 622 1844 quae
648 1795 698 1832 ad
722 1794 861 1832 altaris
890 1796 930 1832 et
949 1795 1162 1833 aecclesiae
1191 1795 1468 1832 ministerium
1497 1808 1602 1832 com·

349 1862 553 1911 petebant,
587 1873 684 1898 uasa
714 1863 863 1906 sancta,
895 1859 898 1911 Ι
924 1860 991 1897 uel
1028 1860 1284 1908 uestimenta,
1319 1860 1456 1909 quials
1490 1859 1601 1898 domi
1622 1871 1643 1899 f.
1664 1881 1696 1898 ιο
1710 1880 1737 1898 a.

349 1926 538 1965 inuenire
558 1939 642 1963 non
662 1925 806 1974 potuit,
832 1926 881 1963 de
900 1926 1185 1964 transmarinis
1205 1926 1439 1975 regionibus
1463 1926 1602 1963 aduec-

348 1995 435 2030 tare
454 1991 670 2041 religiosus
689 1993 850 2039 emptor
869 1991 1040 2029 curabat.

1778 1918 1780 1940 Ι

1778 1941 1780 1967 Ι

121 2066 182 2110 nis
195 2064 270 2092 fifth
407 2060 440 2095 6.
475 2057 529 2094 Et
557 2058 603 2094 ut
618 2056 645 2075 ¹⁹
674 2069 720 2094 ea
752 2070 911 2105 quoque
937 2069 1038 2105 quae
1068 2070 1141 2094 nec
1169 2056 1214 2094 in
1239 2056 1370 2094 Gallia
1395 2056 1560 2106 quidem
1573 2055 1601 2074 ²⁰
1623 2065 1708 2094 Hist.
1774 2101 1775 2115 χ

122 2107 249 2173 ἓξὲξ)
353 2122 544 2173 repperiri
574 2121 778 2169 ualebant‚
810 2121 1007 2159 Romanis
1035 2135 1056 2159 e
1086 2121 1237 2159 finibus
1265 2122 1479 2159 aecclesiae
1507 2134 1602 2159 suae
1624 2105 1775 2181 &gnio..

398 2285 408 2302 1
431 2286 544 2316 facere
560 2286 724 2316 ecclesiae
738 2286 775 2316 C.
836 2284 849 2304 2
872 2286 965 2325 quod
978 2288 1013 2316 et
1030 2290 1067 2316 Δ.
1127 2286 1138 2302 ²
1162 2286 1241 2316 wiri
1260 2286 1300 2316 D.
1316 2286 1376 2323 H2.
1391 2286 1428 2316 P.
1445 2286 1481 2317 C.
1495 2287 1536 2317 B.
1549 2285 1601 2321 F¹;

355 2341 444 2381 wyri
462 2340 500 2370 F³
517 2351 524 2378 3
546 2341 647 2370 weiri
665 2345 704 2371 A.
793 2340 804 2357 ⁴
828 2341 1032 2379 aquilonem
1049 2340 1088 2370 D.
1105 2340 1163 2377 H2.
1181 2340 1219 2370 P.
1238 2340 1275 2370 C.
1292 2340 1333 2371 B.
1350 2340 1387 2370 F.
1479 2341 1490 2358 ⁵
1511 2341 1549 2371 ii.
1565 2341 1603 2371 F.

354 2392 366 2408 ⁶
388 2402 484 2432 reges
501 2396 539 2422 Δ.
656 2390 668 2408 ⁷
692 2392 963 2422 commentarios
980 2392 1018 2422 B.
1128 2390 1139 2406 ³
1164 2392 1238 2422 -dui
1256 2392 1317 2429 HI.
1435 2391 1446 2408 ⁹
1469 2393 1603 2422 honore

355 2457 430 2477 rem
448 2451 487 2477 A.
586 2444 610 2463 ¹⁰
634 2447 756 2476 —torios
772 2450 811 2477 Δ.
931 2445 955 2462 11
978 2446 1049 2476 -nis
1061 2445 1119 2484 Hl.
1222 2446 1246 2463 ¹2
1268 2446 1314 2476 ad
1329 2445 1507 2477 faciendas
1523 2456 1602 2477 can—

356 2499 525 2528 cellorum
541 2499 813 2536 porticuumque
831 2502 869 2528 A.
950 2497 974 2515 13
997 2497 1074 2528 -dos
1090 2498 1132 2527 D.
1150 2497 1200 2537 Η2
1218 2498 1254 2528 P.
1274 2497 1309 2528 C.
1327 2498 1367 2528 B.
1384 2498 1420 2527 F.
1504 2497 1527 2514 ¹4
1550 2501 1603 2528 est

356 2553 391 2580 et
408 2555 447 2580 Δ.
465 2551 506 2580 D.
526 2550 585 2590 ΗΞ.
604 2550 640 2580 Ρ.
659 2550 694 2580 C.
713 2550 751 2581 B.
770 2551 807 2580 F.
932 2550 957 2567 ¹5
980 2550 1132 2579 -lantum
1154 2549 1188 2579 C.
1331 2550 1354 2567 ¹⁶
1377 2549 1527 2580 disscere
1544 2550 1603 2588 HI.

356 2598 380 2616 ¹⁷
405 2600 522 2630 -dibus
539 2604 577 2629 A.
679 2598 702 2615 ¹⁸
725 2609 791 2638 que
809 2604 846 2630 A.
946 2598 970 2616 ¹⁰
993 2601 1033 2630 ut
1050 2609 1106 2629 onz.
1127 2603 1167 2629 A.
1255 2598 1279 2615 ²⁰
1302 2599 1448 2638 quidam
1465 2599 1525 2637 H2.
