1803 2887
340 177 425 216 418
754 178 959 235 Epistola
990 181 1104 224 Bede
1134 182 1194 225 cccl

338 293 474 343 aliqua
511 308 603 345 pars
637 296 779 335 ouium
813 297 922 335 inter
953 298 1081 336 hedos
1117 299 1166 337 ad
1197 299 1406 338 sinistram
1438 299 1592 338 Iudicis
1615 309 1655 338 ef.
1667 309 1794 342 Matth..

338 362 503 410 secerni,
528 364 650 411 atque
670 361 712 400 in
733 365 945 401 aeternum
967 377 1061 401 cum
1080 364 1366 402 maledictione
1384 367 1591 404 mereatur
1612 356 1686 422 ἓν·
1701 359 1746 385 33'

336 425 394 464 ire
415 428 685 476 supplicium3
716 429 816 477 quin
845 430 982 477 potius
1010 430 1097 478 ipse
1117 431 1216 468 tunc
1246 443 1387 468 eorum
1416 444 1590 470 numero

335 493 525 531 merearis
548 494 705 541 ascribi,
730 495 780 532 de
803 494 952 543 quibus
977 495 1035 532 ait
1055 495 1224 534 Ysaias:
1258 495 1484 534 ‘Minimus
1512 497 1589 536 erit
1612 503 1655 533 1³.
1669 504 1712 534 lx.
1729 515 1770 535 22.
1802 501 1803 543 ἢ

333 558 465 596 inter¹
488 560 615 608 mille,
650 562 689 598 et
719 559 915 608 paruulus
944 559 1075 598 inter¹
1097 562 1265 609 gentem
1293 560 1589 601 fortissimam?
1801 547 1802 561 ἵ

332 624 410 662 Tui
436 638 615 675 namque
644 627 704 664 est
733 626 854 664 officii
883 625 1200 674 diligentissime
1228 627 1463 676 perspicere,
1489 628 1588 676 quid

330 689 374 727 in
413 691 586 741 singulis
624 691 885 729 monasteriis
922 693 1015 729 tuae
1053 691 1287 740 parrochiae
1331 692 1439 740 recti,
1488 693 1586 742 quid

328 757 512 805 peruersi
532 759 696 806 geratur
715 771 723 804 ;
754 770 806 794 ne
832 757 900 794 uel
925 757 1049 794 abbas
1076 757 1310 805 regularum
1335 757 1489 796 inscius
1516 760 1586 797 aut

330 824 599 871 contemptor,
641 822 710 861 uel
747 822 950 860 abbatissa
987 822 1128 860 minus
1171 822 1296 871 digna
1333 822 1586 861 famulorum

327 887 629 926 famularumue
650 888 802 927 Christi
822 889 1093 937 praeponatur
1112 887 1303 935 examini,
1328 901 1403 925 nec
1418 901 1584 927 rursum

326 953 581 1002 p1·ouisioni‘-'
610 953 889 1003 spiritualium
915 952 1208 1002 magistrorum
1238 954 1514 1002 contemptrix
1542 956 1584 992 et

326 1018 631 1068 indisciplinata
651 1018 958 1057 contumacium
982 1018 1217 1056 auditorum
1237 1018 1357 1056 turba
1382 1019 1555 1058 resultet
1573 1034 1583 1065 ;

324 1085 505 1123 maxime
526 1085 621 1134 quia
637 1085 659 1133 ³,
685 1084 789 1122 sicut
818 1084 944 1133 uulgo
972 1084 1113 1131 fertur,
1138 1084 1271 1121 dicere
1301 1083 1399 1122 estis
1428 1084 1540 1123 soliti
1554 1086 1577 1134 ⁴,

324 1150 417 1200 quia
442 1164 526 1189 non
550 1152 600 1190 ad
627 1164 771 1200 regum
801 1163 952 1197 curam,
977 1162 1060 1187 non
1089 1149 1139 1186 ad
1156 1149 1169 1169 ⁵
1195 1149 1427 1198 aliquorum
1455 1151 1582 1189 seculi

320 1216 558 1265 principum
578 1229 751 1263 causam,
777 1216 847 1253 sed
868 1215 918 1252 ad
938 1216 1119 1252 uestram
1140 1215 1430 1253 tantummodo
1453 1216 1580 1254 antis-

321 1281 449 1319 titum
477 1281 789 1331 inquisitionem
819 1282 942 1328 atque
975 1293 1158 1327 examen,
1198 1280 1294 1328 quid
1326 1279 1370 1317 in
1405 1280 1580 1330 singulis

321 1346 582 1385 monasteriis
597 1347 750 1396 agatur,
770 1345 982 1395 pertineat,
1006 1344 1086 1382 nisi
1105 1345 1210 1382 forte
1229 1345 1273 1382 in
1294 1346 1554 1384 monasteriis
1567 1347 1579 1367 ⁶

320 1412 493 1460 quilibet
517 1412 562 1449 in
581 1412 692 1461 ipsos
712 1411 917 1461 principes
936 1423 1119 1459 peccasse
1140 1409 1437 1458 comprobetur.
1483 1411 1573 1459 Tui,

317 1476 498 1526 inquam,
517 1479 578 1515 est
599 1477 718 1515 officii
734 1489 957 1526 procurare,
975 1489 1027 1513 ne
1044 1475 1088 1513 in
1108 1475 1208 1513 locis
1225 1475 1312 1513 Deo
1333 1476 1577 1515 consecratis

319 1542 504 1580 diabolus
533 1543 611 1581 sibi
637 1555 811 1591 regnum
839 1543 1020 1590 usurpet,
1046 1554 1098 1578 ne
1113 1540 1126 1560 ⁷
1146 1554 1218 1589 pro
1244 1553 1341 1589 pace
1361 1541 1570 1590 discordia,

317 1621 391 1656 pro
411 1608 561 1657 pietate
581 1607 724 1657 iurgia,
748 1620 821 1656 pro
851 1605 1070 1644 sobrietate
1099 1605 1284 1650 ebrietas,
1305 1619 1377 1655 pro
1407 1606 1575 1645 caritate

316 1674 355 1710 et
375 1674 560 1712 castitate
579 1673 870 1711 fornicationes
890 1672 968 1710 sibi
989 1673 1029 1710 et
1044 1671 1264 1710 homicidia
1284 1672 1422 1710 sedem
1442 1672 1574 1711 uindi-
1772 1659 1776 1717 f

1770 1721 1774 1791 f

316 1741 408 1776 cent
420 1753 429 1785 3
458 1738 531 1776 ne8
551 1739 658 1788 apud
678 1741 719 1776 te
739 1737 1009 1775 inueniantur
1027 1737 1166 1786 aliqui,
1185 1738 1234 1775 de
1255 1737 1403 1786 quibus
1423 1739 1570 1776 merito

314 1806 530 1852 quaeratur
549 1817 593 1841 ac
613 1803 770 1841 dicatur
789 1818 798 1840 :
833 1802 955 1841 ‘Uidi
974 1802 1122 1851 impios
1142 1802 1334 1851 sepultos,
1359 1802 1440 1852 qui,
1473 1816 1568 1842 cum
1591 1808 1679 1839 Ecol.
1695 1810 1765 1842 viii.

312 1869 562 1916 aduiuerent,
600 1870 646 1907 in
684 1869 772 1906 loco
809 1869 950 1906 sancto
984 1869 1111 1915 erant,
1147 1869 1187 1905 et
1219 1867 1492 1906 laudabantur
1522 1868 1567 1906 in
1593 1858 1633 1879 ¹⁰⁰
1768 1876 1769 1880 ’

312 1933 486 1981 ciuitate,
521 1934 637 1984 quasi
661 1932 666 1978 l
692 1932 922 1972 iustorum⁹
949 1933 1147 1982 operum.’

80 2004 287 2033 instruction
370 2009 429 2046 15.
460 2000 617 2038 Eorum
631 2013 803 2049 quoque,
825 1999 896 2048 qui
917 1998 961 2036 in
976 1998 1163 2048 populari
1183 1998 1315 2036 adhuc
1334 1998 1421 2037 uita
1441 2000 1567 2038 conti-

80 2042 185 2117 ἷὲἑξῗ,
312 2067 475 2112 nentur,
497 2065 713 2103 sollicitam
733 2066 775 2102 te
799 2077 963 2102 necesse
984 2065 1045 2102 est
1065 2076 1205 2101 curam
1226 2077 1373 2113 gerere,
1387 2066 1443 2110 ut,
1462 2065 1567 2104 sicut

308 2129 353 2167 in
369 2130 593 2179 primordio
609 2130 733 2167 huius
749 2129 944 2178 epistolae
958 2128 1302 2178 praemonuimus,
1320 2128 1567 2168 sufficientes

309 2194 366 2232 eis
388 2195 573 2233 doctores
594 2196 703 2233 uitae
723 2194 914 2233 salutaris
933 2194 1124 2232 adhibere
1144 2193 1394 2242 memineris,
1418 2196 1459 2232 et
1486 2194 1564 2233 hoc

307 2273 374 2298 eos
402 2260 512 2298 inter
540 2260 619 2298 alia
648 2261 801 2298 discere
829 2260 962 2307 facias,
995 2259 1143 2308 quibus
1171 2259 1361 2308 operibus
1383 2260 1562 2299 maxime

305 2326 391 2364 Deo
423 2326 591 2375 placere,
626 2339 649 2363 a
687 2325 836 2375 quibus
867 2338 910 2363 se
943 2324 1130 2372 debeant,
1173 2325 1243 2374 qui
1280 2325 1366 2362 Deo
1403 2324 1562 2374 placere

306 2391 549 2438 desiderant,
573 2391 776 2429 abstinere
803 2390 986 2440 peccatis,
1013 2403 1092 2440 qua
1112 2390 1244 2429 cordis
1263 2389 1496 2428 sinceritate
1514 2391 1560 2429 in

1586 1934 1609 1964 f.
1623 1944 1659 1974 95
1671 1944 1701 1965 a.

348 2507 359 2524 ¹
383 2509 423 2539 in
439 2509 485 2540 H.
619 2508 631 2526 ²
654 2518 753 2548 prae-
769 2508 816 2540 M.
960 2507 971 2525 ³
995 2509 1078 2547 quia
1094 2519 1152 2539 om.
1172 2508 1218 2539 M.
1328 2507 1339 2524 ⁴
1363 2508 1492 2539 soliciti
1509 2508 1556 2540 M.

304 2560 315 2578 ⁵
338 2560 384 2591 ad
398 2570 456 2592 om.
477 2561 524 2591 H.
645 2560 656 2578 ⁶
680 2561 803 2600 agatur
818 2583 826 2591 .
846 2584 853 2590 .
871 2583 879 2591 .
900 2583 907 2590 .
929 2560 1151 2591 monasteriis
1166 2570 1226 2591 om.
1242 2559 1288 2591 H.
1409 2557 1421 2576 ⁷
1442 2569 1558 2600 neque

305 2611 351 2643 M.
464 2610 475 2628 ⁸
498 2622 562 2643 nec
579 2612 626 2643 M.
736 2611 748 2630 ⁹
772 2612 943 2642 bonorum
960 2611 1006 2643 M.
