1803 2887
290 144 369 181 CA‘P.
384 144 460 187 XL]
689 138 840 182 Gentis
871 137 1142 193 Awgylorum.
1466 142 1544 181 149

286 253 508 303 abigendos
546 266 595 292 ex
633 254 806 292 obsessis
844 253 1079 302 corporibus
1126 254 1345 291 daemones
1393 255 1545 303 gratiae

285 319 476 357 salutaris
504 319 673 357 haberet
702 320 902 357 effectum.

338 382 525 431 Denique
553 384 736 430 tempore
760 384 967 431 sequente,
999 395 1092 419 cum
1121 382 1300 430 praefata
1329 382 1467 431 regina
1499 383 1539 420 in

284 448 427 484 eodem
468 447 715 485 monasterio
754 448 990 495 moraretur,
1034 448 1149 484 uenit
1187 447 1237 484 ad
1282 447 1541 485 salutandam

283 524 373 549 eam
400 512 603 550 abbatissa
629 512 828 561 quaedam
858 512 1113 559 uenerabilis,
1140 525 1242 561 quae
1268 525 1398 561 usque
1419 513 1543 551 hodie

282 579 476 625 superest,
496 577 693 615 uocabulo
709 577 921 615 Aedilhild
939 577 961 624 ¹,
979 590 1091 614 soror
1107 577 1291 615 uirorum
1305 580 1543 615 sanctorum

281 642 521 680 Aediluini2
553 644 592 680 et
631 642 805 680 Alduini
820 643 843 690 3,
883 655 1059 691 quorum
1098 642 1207 691 prior
1245 642 1459 692 episcopus
1498 643 1543 681 in

281 706 462 745 Lindissi
482 707 701 757 prouincia,
726 708 928 745 secundus
959 710 1043 745 erat
1068 707 1192 745 abbas
1212 707 1255 745 in
1277 709 1536 756 monasterio,

281 772 388 820 quod
423 774 592 810 uocatur
629 773 860 810 Peartaneu
873 773 895 817 ⁴,
932 786 955 810 a
993 786 1072 821 quo
1111 786 1196 809 11011
1234 773 1354 821 longe
1393 775 1433 811 et
1471 773 1542 811 illa

279 838 577 876 monasterium
610 838 792 876 habebat.
854 839 958 876 Cum
990 851 1083 886 ergo
1117 837 1289 875 ueniens
1302 839 1314 855 ⁵
1352 838 1451 876 1110“”
1489 839 1542 876 lo·

280 905 471 952 queretur
508 917 603 941 cum
641 903 789 953 regina,
825 905 946 952 atque
985 904 1095 941 inter
1132 904 1219 951 alia,
1264 917 1451 941 sermone
1491 905 1541 942 de

280 968 460 1006 Osualdo
480 970 619 1006 exorto
632 969 656 1016 ⁷,
682 969 843 1010 diceret,
864 969 971 1017 quod
996 971 1036 1006 et
1063 969 1150 1018 ipsa
1172 969 1307 1007 lucem
1331 971 1448 1007 nocte
1470 970 1540 1008 illa

279 1047 401 1083 supra
424 1034 615 1083 reliquias
645 1034 731 1072 eius
760 1035 809 1072 ad
840 1034 999 1072 caelum
1024 1048 1151 1083 usque
1177 1035 1305 1072 altam
1320 1036 1331 1054 ὃ
1351 1035 1534 1083 uidisset,

277 1099 420 1137 adiecit
440 1100 587 1149 regina,
613 1100 708 1148 quia
737 1101 787 1137 de
813 1100 980 1149 puluere
1003 1100 1241 1149 pauimenti,
1265 1101 1308 1138 in
1336 1115 1416 1150 quo
1435 1115 1540 1150 aqua

278 1165 428 1203 lauacri
459 1165 570 1203 illius
602 1166 730 1203 effusa
758 1168 830 1208 est,
862 1165 985 1203 inulti
1014 1165 1094 1203 iam
1124 1166 1281 1204 sanati⁰
1310 1169 1446 1204 essent
1475 1167 1537 1206 in—

278 1230 399 1269 firmi.
460 1231 518 1268 At
538 1230 609 1268 illa
628 1231 747 1280 petiit
776 1230 854 1268 sibi
875 1231 1106 1279 portionem
1132 1231 1315 1280 pulueris
1336 1233 1536 1270 salutiferi

277 1296 384 1344 dari,
405 1298 443 1334 et
459 1297 660 1345 accipiens
675 1297 893 1346 inligatum
915 1297 927 1316 ⁰
943 1310 1081 1346 panno
1095 1297 1277 1335 condidit
1292 1298 1335 1335 in
1350 1299 1532 1348 capsella,

277 1363 317 1399 et
346 1362 476 1400 rediit.
537 1363 755 1400 Transacto
787 1364 926 1400 autem
964 1364 1148 1411 tempore
1186 1363 1406 1412 aliquanto,
1443 1378 1537 1402 cum

231 1467 233 1469 ,
277 1430 383 1465 esset
403 1428 446 1465 in
467 1441 540 1465 suo
568 1428 825 1475 monasterio,
850 1428 965 1465 uenit
992 1428 1077 1465 11110
1098 1428 1265 1477 quidam
1285 1429 1443 1478 hospes,
1468 1431 1538 1480 qui

277 1493 433 1531 solebat
469 1493 681 1531 nocturnis
709 1494 868 1542 saepius
899 1494 1010 1531 horis
1042 1496 1207 1543 repente
1244 1495 1293 1532 ab
1333 1494 1536 1534 inmundo

276 1559 423 1608 spiritu
443 1559 683 1608 grauissime
703 1559 851 1597 uexari.
914 1559 993 1607 Qui
1012 1573 1106 1597 cum
1126 1560 1303 1608 benigne
1324 1565 1537 1610 susceptus

275 1627 368 1674 post
388 1638 555 1662 caenam
575 1626 619 1662 in
635 1626 738 1663 lecto
751 1625 935 1662 membra
949 1625 1160 1674 posuisset,
1180 1625 1314 1663 subito
1334 1639 1357 1663 a
1376 1627 1536 1665 diabolo

275 1693 473 1739 arreptus,
522 1691 706 1737 clamare,
757 1690 950 1728 dentibus
996 1691 1219 1738 frendere*
1247 1704 1446 1740 spumare,
1496 1698 1536 1731 et

276 1755 450 1793 diuersis
469 1756 650 1794 motibus
670 1756 800 1805 coepit
826 1756 1012 1793 membra
1035 1758 1234 1805 torquere.
1296 1757 1482 1807 Cumque
1512 1771 1535 1796 a

276 1822 393 1859 nullo
414 1822 481 1859 uel
504 1822 635 1859 teneri
654 1822 720 1859 uel
745 1822 862 1872 ligari
888 1822 1100 1871 potuisset,
1126 1822 1302 1859 cucurrit
1327 1823 1529 1872 minister,

274 1889 315 1924 et
348 1887 517 1936 pulsans
554 1888 605 1925 ad
639 1888 791 1926 ostium
825 1887 1034 1925 nuntiauit
1066 1887 1303 1925 abbatissae.
1364 1889 1424 1926 At
1462 1889 1534 1928 illa

273 1953 458 2002 aperiens
505 1953 671 1991 ianuam
709 1953 957 2001 monasterii,
1001 1953 1128 1990 exiuit
1175 1953 1262 2002 ipsa
1309 1967 1403 1992 cum
1450 1967 1534 1992 una

273 2018 647 2056 sanctimonialium
695 2019 945 2056 feminarum
983 2019 1032 2056 ad
1071 2019 1207 2056 locum
1255 2019 1450 2067 uirorum,
1493 2023 1533 2059 et

273 2096 447 2121 euocans
466 2084 764 2133 presbyterum,
789 2084 947 2133 rogauit
968 2097 1106 2121 secum
1134 2083 1275 2122 uenire
1294 2086 1343 2123 ad
1372 2085 1531 2134 patien-

272 2150 368 2187 tem.
428 2149 512 2187 Ubi
550 2163 643 2187 cum
683 2150 896 2188 uenientes
933 2149 1121 2187 uiderent
1153 2149 1309 2188 multos
1339 2151 1526 2200 adfuisse,

272 2214 343 2263 qui
362 2216 558 2253 uexatum
578 2217 725 2263 tenere,
751 2217 791 2253 et
820 2217 958 2253 motus
985 2215 1071 2253 eius
1092 2215 1259 2253 insanos
1279 2217 1530 2265 conprimere

314 2346 323 2363 ¹
346 2346 507 2377 aedihild
522 2347 574 2384 N3
598 2347 700 2377 aeoil-
718 2347 754 2378 C.
943 2346 955 2364 ²
977 2347 1080 2378 aeoil-
1098 2348 1122 2378 G
1137 2359 1145 2386 ;
1168 2348 1253 2378 edil-
1272 2349 1302 2379 N
1320 2359 1328 2387 3
1352 2349 1460 2379 aeoel-
1475 2351 1528 2382 ΒΖ.

269 2397 281 2415 ³
304 2399 397 2429 eald.-
415 2398 467 2430 ΒΞ.
611 2399 621 2415 ⁴
646 2402 702 2429 The
711 2402 784 2436 first
799 2409 818 2430 a
834 2403 936 2429 erased
952 2403 986 2430 vin
1003 2400 1028 2430 C
1043 2411 1050 2437 ;
1075 2410 1155 2430 -nea
1172 2400 1212 2430 N.
1345 2401 1356 2418 ⁵
1379 2403 1530 2433 ueniens

270 2461 328 2481 om.
346 2451 390 2482 M.
411 2451 470 2490 Hl.
563 2451 575 2469 ‘²
598 2451 659 2481 ille
676 2451 758 2490 H2¹;
783 2453 846 2482 illa
864 2450 938 2490 H12.
1027 2450 1038 2467 ⁷
1071 2462 1124 2483 ex.
1143 2453 1185 2482 de
1202 2463 1249 2483 os.
1266 2452 1302 2484 C.
1320 2453 1372 2484 ΒΖ.
1449 2454 1460 2472 ⁸
1483 2454 1528 2485 ad

269 2503 380 2533 altam
396 2502 458 2544 ΗΙ1
477 2514 485 2541 ;
508 2503 670 2534 adultam
688 2503 762 2544 H12.
838 2504 849 2522 ⁹
874 2507 928 2535 lee
946 2507 1038 2535 scribe
1053 2507 1088 2541 of
1099 2505 1144 2535 M.
1156 2507 1358 2541 atfirstwrofe
1369 2507 1528 2538 sanitati.

269 2552 294 2571 ¹⁰
317 2556 407 2585 -tam
423 2555 478 2593 M;
502 2556 541 2586 in
557 2565 676 2594 panno
692 2557 842 2596 ligatum
859 2557 894 2588 C.
914 2557 955 2587 D.
975 2557 1023 2596 Ol.
1042 2557 1092 2596 R„
1111 2557 1166 2588 διο.

1570 390 1595 417 A
1603 392 1773 420 dornoniae

1568 431 1692 459 healed.
