1788 2928
190 863 663 899 DESIDERANTISSIMO
706 863 767 898 ET
810 863 1241 899 REUERENTISSIMO
1285 864 1427 898 PATRI

252 945 443 987 ALBINO,
473 945 637 979 BAEDA
663 945 856 980 CHRISTI
884 945 1114 980 FAMULUS
1141 945 1368 980 SALUTEM

227 1060 572 1095 GRATANTISSIME
590 1059 735 1104 suscepi
753 1060 975 1094 munuscula
992 1062 1079 1094 tuae
1100 1059 1322 1098 dilectionis,
1344 1072 1439 1104 quae

180 1131 246 1163 per
263 1119 518 1154 uenerabilem
537 1119 690 1153 fratrem
715 1120 885 1153 nostrum
911 1119 1153 1153 Nothehnum
1177 1119 1439 1164 presbyterum

180 1177 331 1213 mittere
367 1177 544 1221 dignatus
575 1188 622 1217 es,
654 1179 692 1211 et
723 1176 886 1212 maxime
914 1177 1071 1212 litteras.
1102 1177 1234 1221 quibus
1269 1189 1327 1212 me
1362 1172 1441 1212 iam*

180 1236 341 1271 secunda
374 1235 456 1270 uice
492 1235 532 1269 in
567 1234 821 1270 ecclesiastica
854 1235 978 1281 gentis
1015 1238 1165 1271 nostrae
1195 1236 1362 1277 historia,
1393 1237 1440 1270 ad

179 1306 288 1338 quam
300 1306 359 1329 me
372 1293 603 1329 scribendam
616 1293 833 1328 iamdudum
846 1293 1106 1339 instigaueras,
1120 1295 1248 1329 creber
1262 1294 1440 1329 adiuuare

179 1355 290 1397 atque
305 1352 501 1387 instituere
516 1353 664 1387 curasti.
709 1353 865 1396 Propter
879 1353 977 1396 quod
996 1355 1034 1387 et
1053 1353 1128 1398 ipse
1146 1352 1216 1387 tibi
1235 1352 1440 1387 rectissime

179 1411 335 1446 eandem
367 1410 574 1451 historiam,
610 1423 695 1445 mox
730 1412 772 1444 ut
808 1422 1063 1446 consummare
1091 1411 1210 1455 potui,
1242 1412 1289 1446 ad
1317 1414 1439 1445 trans-

179 1469 416 1505 scribendum
436 1469 572 1505 remisi.
618 1469 688 1504 Sed
707 1471 745 1504 et
764 1469 875 1510 aliud,
896 1470 993 1513 quod
1012 1472 1049 1504 te
1068 1470 1207 1514 partim
1227 1469 1438 1505 desiderare

179 1528 354 1572 comperi,
374 1528 552 1563 uolumen
570 1527 640 1562 tibi
658 1527 742 1563 uice
764 1528 1078 1563 remunerationis
1105 1540 1221 1572 aeque
1248 1529 1295 1563 ad
1321 1531 1441 1562 trans-

179 1587 415 1622 scribendum
450 1585 649 1626 desffinaui,
685 1585 865 1622 uidelicet
899 1586 1005 1627 illud,
1038 1587 1137 1630 quod
1172 1586 1216 1621 de
1252 1588 1440 1621 structura

178 1645 309 1690 templi
332 1644 538 1680 Salomonis
555 1647 667 1688 atque
680 1644 883 1690 allegorica
895 1644 973 1680 eius
984 1644 1304 1689 interpretatione
1320 1657 1440 1690 nuper

179 1704 288 1739 edidi.
338 1703 472 1747 Teque,
501 1703 757 1738 amantissime
783 1705 902 1748 pater,
932 1703 1088 1748 supplex
1116 1703 1278 1745 obsecro,
1306 1706 1347 1738 ut
1374 1715 1440 1748 pro

179 1774 261 1797 mea
291 1761 500 1807 fragilitate
519 1773 613 1803 ‚cum
643 1761 711 1801 his,
738 1761 798 1805 qui
835 1763 961 1797 tecum
990 1764 1087 1803 sunt,
1121 1761 1271 1796 famulis
1303 1761 1441 1797 Christi

179 1821 277 1865 apud
296 1820 398 1865 pium
418 1820 583 1855 Iudicem
609 1820 754 1855 sedulus
776 1820 1011 1855 intercedere
1036 1820 1274 1862 memineris;
1311 1821 1375 1855 sed
1402 1822 1440 1856 et

179 1891 248 1920 eos⁷
276 1879 323 1912 ad
346 1889 436 1922 quos
464 1879 594 1913 eadem
615 1881 744 1912 nostra
770 1878 948 1922 opuscula
974 1878 1174 1923 peruenire
1201 1878 1344 1917 feceris,
1368 1878 1439 1913 hoc

179 1936 277 1972 idem
296 1936 419 1971 facere
437 1935 635 1971 monueris.
686 1936 789 1971 Bene
816 1936 912 1978 uale,
942 1948 1088 1981 semper
1115 1936 1372 1972 amantissime
1400 1936 1439 1970 in

181 1994 327 2030 Christo
344 1997 454 2040 pater
471 1994 624 2039 optime.
