1803 2887
15 333 22 368 Δ·
69 351 188 379 Matth.

65 399 115 418 XV.
136 399 187 424 14;

66 430 106 458 cf.
125 429 201 458 Luc.

63 469 105 497 vi.
123 478 165 505 39.

6 1279 7 1282 „
2 937 14 1261 --,-.--—--....
4 919 6 928 ⁴
2 903 5 910 r

29 1124 39 1133 ι

67 1789 88 1818 f.
105 1789 183 1825 94b.

68 1851 107 1880 cf.
120 1851 189 1879 Ioh.
205 1860 235 1879 x.

70 1899 171 1936 12-*15;

67 1939 132 1959 xxi.
151 1940 189 1966 17.

596 160 861 216 Ecybertum
892 160 1179 216 Episcopum.
1203 140 1205 143 Α
1435 160 1519 200 417

261 277 487 327 probantur
517 276 666 315 habere
696 289 770 314 nec
803 275 999 323 studium,
1036 275 1135 325 quid
1164 275 1230 313 his
1259 274 1368 313 aliud
1397 287 1519 324 quam

262 342 498 392 euangelica
510 341 705 379 conuenit
719 340 955 379 maledictio
968 340 1050 387 illa,
1063 353 1143 389 qua
1157 339 1328 377 dicitur:
1353 339 1520 377 ‘Caecus

262 408 297 446 si
320 421 434 445 caeco
460 407 655 445 ducatum
683 407 872 455 praestet,
896 405 1016 442 ambo
1045 405 1089 442 in
1118 405 1280 442 foueam
1310 403 1518 442 cadunt?’

264 472 375 520 Quae
403 471 603 508 nimirum
630 469 799 507 caecitas
822 471 960 518 posset
985 468 1206 518 aliquando
1228 467 1451 515 terminari,
1476 481 1520 506 ac

262 535 438 585 regulari
459 534 674 583 disciplina
695 534 887 581 cohiberi,
912 535 952 571 et
973 533 1022 571 de
1043 533 1198 571 finibus
1218 535 1380 571 sanctae
1401 532 1520 570 eccle-

259 601 341 639 siae
365 600 524 638 cunctis
552 599 803 649 pontificali¹
825 612 869 637 ac
896 599 1088 648 synodica
1111 598 1352 636 auctoritate
1377 597 1519 647 procul

259 665 417 715 expelli,
442 665 477 704 si
503 678 588 703 non
613 664 692 714 ipsi
716 665 932 714 pontifices
957 664 1089 713 magis
1114 663 1354 701 huiusmodi
1369 662 1382 681 ²
1401 663 1520 701 scele-

259 731 372 769 ribus
410 744 531 780 opem
564 730 669 768 ferre
706 732 829 780 atque
862 729 1076 779 astipulari
1114 729 1408 779 probarentur;
1450 728 1519 777 qui

259 810 344 834 non
375 796 632 834 solummodo
663 795 903 833 huiusmodi
931 795 1092 833 decreta
1121 794 1302 832 iniusta3
1323 794 1443 832 iustis
1463 794 1521 832 in-

259 862 437 912 fringere
467 861 639 899 decretis
668 874 752 899 non
783 862 938 907 curant,
974 873 1120 898 uerum
1151 860 1236 898 suis
1265 860 1403 909 potius
1432 859 1521 898 sub·

259 927 579 977 scriptionibus⁴,
605 928 651 964 ut
670 925 841 975 praefati
862 938 1017 973 sumus,
1041 925 1282 963 confirmare
1303 927 1493 975 satagunt
1511 940 1519 972 ;

259 994 401 1031 eadem
426 992 506 1041 ipsi
524 991 730 1040 filargyria
761 991 950 1038 dictante,
975 991 1024 1028 ad
1055 991 1385 1028 confirmandum
1414 990 1521 1029 male

260 1059 420 1108 scripta,
464 1057 568 1107 qua⁵
604 1060 810 1106 emptores
847 1057 897 1094 ad
930 1057 1253 1106 comparandum
1284 1056 1521 1095 huiusmodi

258 1124 507 1163 monasteria
523 1122 537 1145 ⁶
558 1123 695 1161 coacti.

314 1190 445 1228 Multa
465 1189 633 1239 quidem
653 1188 786 1226 adhuc
807 1187 884 1225 tibi
904 1200 1066 1237 possem
1083 1188 1132 1226 de
1148 1187 1213 1226 his
1229 1189 1268 1226 et
1284 1187 1523 1226 huiusmodi

259 1254 677 1304 praeuaricationibus
689 1254 702 1273 ⁷
724 1253 873 1303 quibus
900 1255 1042 1291 nostra
1060 1253 1273 1302 prouincia
1292 1253 1523 1291 miserrime

262 1323 444 1367 uexatur,
469 1320 535 1358 his
564 1319 757 1358 intimare
786 1318 946 1365 litteris,
972 1318 1007 1356 si
1035 1332 1120 1356 non
1148 1318 1328 1367 teipsum
1357 1331 1523 1356 nossem

263 1384 361 1422 haec
390 1386 533 1423 eadem
563 1384 788 1423 certissime
818 1384 1068 1433 cognouisse.
1130 1383 1238 1422 Nam
1266 1397 1400 1433 neque
1423 1383 1521 1421 haec

261 1449 319 1488 ita
345 1450 499 1499 scripsi,
527 1449 643 1499 quasi
668 1449 735 1487 te8
766 1461 822 1495 ea,
855 1461 956 1497 quae
986 1448 1131 1487 antea⁹
1165 1449 1352 1497 nescires,
1391 1461 1525 1486 essem

264 1515 469 1564 docturus,
495 1515 565 1553 sed
592 1516 638 1553 ut
661 1516 702 1552 te
731 1513 859 1552 amica
889 1514 1172 1552 exhortatione
1202 1527 1520 1560 commonerem,

263 1593 308 1618 ea
335 1593 437 1630 quae
467 1580 623 1629 optime
651 1592 824 1617 noueras
850 1582 990 1628 errata,
1020 1580 1221 1629 diligenti,
1246 1581 1367 1629 prout
1396 1579 1519 1625 uales,

260 1645 460 1684 instantia
479 1646 686 1695 corrigere.

320 1724 378 1757 14.
413 1711 468 1749 Et
487 1712 568 1749 iam
595 1711 759 1760 iamque
771 1709 799 1730 ¹⁰
818 1712 859 1747 te
887 1710 1069 1748 multum
1094 1711 1285 1760 deprecor
1306 1712 1427 1760 atque
1456 1709 1522 1748 ob·
1545 1720 1718 1756 Episcopal

1543 1760 1714 1789 visitation

261 1778 390 1815 testor
410 1777 455 1815 in
475 1777 666 1824 Domino,
690 1779 738 1815 ut
758 1775 1045 1826 comfmissum
1065 1776 1142 1814 tibi
1165 1789 1330 1826 gregem
1355 1776 1522 1814 sedulus
1545 1800 1581 1827 of
1594 1800 1721 1828 Monas-

264 1842 314 1880 ab
334 1842 582 1881 irruentium
602 1843 794 1892 luporum
814 1841 1077 1892 improbitate
1093 1842 1244 1880 tuearis
1262 1856 1270 1889 3
1300 1843 1423 1890 teque
1438 1853 1523 1879 non
1545 1839 1645 1868 teries
1659 1848 1713 1868 ne-

267 1908 578 1955 mereenarfflm,
616 1908 686 1946 sed
723 1909 929 1957 pastorem
963 1907 1237 1945 constitutum
1269 1919 1355 1944 esse
1385 1919 1526 1944 meml-

267 1973 387 2021 neris,
435 1973 506 2022 qui
543 1986 727 2011 amorem
770 1972 925 2011 summi
964 1972 1148 2010 Pastoris
1188 1972 1347 2010 sollerti
1384 1971 1524 2009 ouium

265 2038 395 2087 ipsius
424 2039 611 2087 pastione
642 2039 909 2085 demonstres,
940 2050 1095 2087 proque
1125 2036 1281 2075 eisdem
1309 2036 1466 2084 ouibus,
1490 2036 1526 2074 si

264 2104 320 2142 ita
359 2117 423 2142 res
460 2104 698 2154 poposcerit,
736 2117 829 2142 cum
867 2103 985 2141 beato
1023 2103 1302 2152 apostolorum
1339 2103 1525 2152 principe

262 2169 445 2208 animam
484 2183 635 2218 ponere
672 2171 837 2219 paratus
871 2170 937 2207 sis.
1018 2168 1169 2207 Precor
1205 2168 1379 2206 sollicite
1417 2181 1525 2217 prae-

265 2248 416 2283 caueas,
447 2248 510 2282 ne,
545 2248 640 2273 cum
669 2235 780 2272 idem
808 2234 999 2284 princeps
1018 2234 1298 2283 apostolorum
1321 2234 1525 2282 ceterique

265 2300 450 2338 fidelium
483 2313 654 2350 gregum
679 2301 802 2338 duces
829 2300 874 2337 in
903 2300 968 2337 die
997 2300 1140 2338 iudicii
1168 2299 1399 2337 maximum
1428 2312 1524 2337 suae

264 2366 478 2415 pastoralis
517 2379 634 2403 curae
665 2365 847 2403 fructum
884 2365 1048 2403 Christo
1088 2365 1325 2413 obtulerint,
1359 2366 1523 2402 tuarum

308 2491 318 2508 ¹
341 2492 470 2531 pontif.
488 2493 626 2522 cunctis
642 2492 688 2523 M.
840 2491 852 2508 ²
875 2491 1032 2522 huiusm.
1050 2501 1151 2531 opera
1169 2491 1215 2522 M.
1353 2491 1365 2509 ³
1389 2491 1523 2521 iniusta

264 2553 323 2574 om.
344 2543 390 2574 M.
445 2542 455 2560 ⁴
478 2545 669 2584 praescrip·
687 2543 733 2575 Μ.
809 2542 821 2560 ⁵
844 2543 928 2582 quia
946 2544 991 2574 M.
1055 2546 1064 2558 ⁰
1090 2545 1198 2574 -rium
1217 2543 1262 2574 M.
1339 2541 1351 2560 ⁷
1374 2543 1525 2573 -toribus

267 2595 314 2626 H.
404 2594 415 2612 ⁸
438 2596 633 2627 certissime
649 2598 683 2626 te
701 2596 746 2627 M.
832 2594 843 2612 ⁹
867 2597 971 2625 antea
988 2605 1045 2627 om.
1066 2595 1113 2626 M.
1204 2595 1226 2612 ¹⁰
1250 2604 1404 2634 namque
1421 2595 1467 2625 M.

867 2662 932 2688 ΕΘ

1503 1906 1511 1913 ,
1548 1888 1686 1914 cessary.
