1803 2887
124 696 144 724 f.
161 705 193 732 37
207 705 234 725 a.

261 194 338 224 CAP.
357 190 449 231 X11.]
657 182 713 225 Ge
721 182 808 224 ntis
839 181 1110 236 Awgylorum.
1435 181 1515 221 107

261 298 473 336 oraculum
502 296 681 345 caeleste,
716 297 823 346 quod
856 296 919 333 illi
951 295 1160 345 quondam
1191 294 1375 333 exulanti
1408 296 1514 344 apud

262 361 546 402 Redualdum1
575 376 713 412 regem
742 361 976 411 Anglorum
1008 361 1138 410 pietas
1168 360 1309 399 diuina
1338 361 1517 398 reuelare

261 428 429 478 dignata
459 430 531 477 est,
566 442 648 466 non
680 427 905 465 minimum
938 426 989 463 ad
1020 426 1276 475 suscipienda
1304 425 1372 463 uel
1402 426 1518 463 intel-

261 493 433 543 legenda
453 493 660 531 doctrinae
680 492 838 530 monita
865 491 1054 529 salutaris
1074 504 1242 529 sensum
1262 491 1369 529 iuuit
1388 491 1512 530 illius.

262 559 367 597 Cum
399 572 491 608 ergo
516 559 673 596 uideret
700 558 902 595 Paulinus
932 556 1150 594 difficulter
1178 570 1296 606 posse
1331 556 1517 594 sublimi-

261 626 389 662 tatem
417 624 547 662 animi
574 623 721 672 regalis
752 623 801 660 ad
831 623 1113 660 humilitatem
1137 622 1227 660 uiae
1254 622 1453 671 salutaris,
1478 624 1518 660 et

260 689 564 738 suscipiendum
584 689 831 738 mysterium
851 688 1039 726 uiuificae
1059 688 1187 725 crucis
1212 687 1411 735 inclinari,
1443 686 1447 737 1
1473 701 1518 725 ac

260 767 333 803 pro
355 755 485 792 salute
504 754 617 792 illius
644 754 770 792 simul
790 755 830 791 et
856 753 1001 803 gentis,
1025 753 1090 791 cui
1109 755 1301 802 praeerat,
1328 755 1368 791 et
1392 753 1517 791 uerbo

261 819 559 857 exhortationis
575 820 681 868 apud
703 819 904 866 homines,
926 820 966 856 et
986 819 1094 868 apud
1116 818 1303 856 diuinam
1322 819 1518 867 pietatem

263 885 389 922 uerbo
430 885 728 934 deprecationis
773 886 936 934 ageret3
979 885 1160 931 tandem,
1205 886 1250 921 ut
1295 883 1520 921 uerisimile

261 950 436 998 uidetur,
479 950 620 988 didicit
658 949 702 987 in
741 949 900 999 spiritu,
948 949 1082 999 quod2
1130 949 1197 987 uel
1247 950 1366 999 quale
1413 952 1518 987 esset

260 1016 474 1054 oraculum
526 1015 612 1065 regi
660 1016 868 1064 quondam
916 1015 1087 1053 caelitus
1133 1017 1356 1053 ostensum.
1436 1015 1518 1052 Nec

261 1081 408 1119 exinde
443 1081 616 1129 distulit,
652 1081 752 1130 quin
779 1080 975 1118 continuo
1004 1093 1142 1130 regem
1172 1082 1428 1118 ammoneret
1458 1094 1520 1118 ex-

262 1146 373 1196 plere
393 1149 550 1194 uotum,
575 1147 682 1196 quod
703 1146 748 1184 in
768 1146 930 1184 oraculo
947 1146 1024 1184 sibi
1045 1146 1228 1184 exhibito
1251 1159 1293 1184 se
1313 1146 1519 1184 facturum

260 1212 509 1261 promiserat,
535 1212 569 1250 si
584 1212 781 1261 temporis
801 1211 913 1250 illius
934 1212 1118 1249 erumnis
1131 1214 1319 1249 exemtus
1339 1213 1389 1250 ad
1405 1212 1520 1261 regni

260 1278 421 1327 fastigia
440 1278 684 1327 perueniret.

314 1344 413 1381 Erat
433 1346 571 1381 autem
593 1344 802 1381 oraculum
822 1343 1070 1381 huiusmodi.
1117 1343 1222 1382 Cum
1249 1345 1519 1392 persequente

260 1409 382 1447 illum
402 1409 668 1457 Aedilf1¹ido²³,
694 1410 873 1459 quiante
894 1423 990 1447 eum
1013 1409 1212 1458 regnauit,
1237 1410 1334 1458 per⁴
1359 1409 1519 1447 diuersa

261 1475 445 1513 occultus
472 1475 558 1512 loca
588 1475 654 1512 uel
683 1488 807 1525 regna
833 1475 965 1513 multo
993 1488 1197 1512 annorum
1223 1477 1408 1524 tempore
1434 1488 1520 1524 pro-

261 1540 385 1589 fugus
423 1542 648 1589 uagaretur,
687 1541 855 1578 tandem
894 1541 1010 1578 uenit
1048 1541 1098 1578 ad
1138 1541 1427 1578 Redualdum⁵
1457 1541 1521 1578 ob-

261 1619 434 1653 secrans,
473 1607 519 1643 ut
552 1605 681 1643 uitam
719 1619 837 1644 suam
867 1619 891 1644 a
920 1606 1028 1644 tanti
1061 1606 1330 1655 persecutoris
1358 1606 1521 1644 insidiis

260 1671 433 1709 tutando
453 1673 634 1709 seruaret
651 1686 659 1719 3
691 1671 762 1720 qui
782 1671 958 1709 libenter
978 1685 1073 1709 eum
1090 1672 1307 1721 excipiens,
1332 1672 1521 1721 promisit

262 1750 315 1785 se,
369 1750 471 1786 quae
517 1737 741 1786 petebatur,
785 1750 872 1775 esse
918 1737 1135 1775 facturum.
1197 1738 1254 1775 At
1302 1740 1521 1787 postquam

261 1802 468 1841 Aedilfrid
499 1802 543 1840 in
575 1802 649 1840 hac
682 1815 777 1840 eum
808 1803 1019 1851 prouincia
1056 1803 1298 1852 apparuisse,
1335 1805 1375 1841 et
1412 1804 1520 1852 apud

263 1881 403 1917 regem
422 1868 536 1905 illius
556 1868 815 1906 familiariter
841 1882 935 1906 cum
955 1868 1073 1907 sociis
1099 1869 1284 1907 habitare
1311 1869 1514 1918 cognouit,

261 1932 375 1970 misit
412 1933 591 1979 nuntios,
628 1933 698 1982 qui
736 1934 946 1972 Redualdo
976 1934 1193 1983 pecuniam
1232 1934 1409 1972 multam
1447 1948 1521 1983 pro

261 2011 360 2036 nece
392 1999 480 2036 eius
519 1999 765 2047 offe1·rent⁶;
809 2012 942 2048 neque
976 1999 1131 2048 aliquid
1163 1999 1346 2048 profecit.
1407 2000 1521 2037 Misit

261 2065 452 2112 secundo,
506 2064 620 2102 misit
666 2065 798 2113 tertio,
850 2067 891 2103 et
939 2065 1160 2114 copiosiora
1206 2066 1367 2115 argenti
1415 2066 1522 2104 dona

262 2126 447 2174 offerens,
491 2128 531 2165 et
579 2127 735 2165 bellum
773 2128 942 2177 insuper
978 2128 1049 2175 illi,
1094 2128 1129 2165 si
1173 2130 1516 2175 contemneretur,

262 2192 457 2232 indicens.
520 2193 600 2240 Qui
631 2193 697 2231 uel
735 2193 862 2231 minis
890 2194 1052 2242 fractus,
1087 2193 1155 2231 uel
1189 2196 1402 2243 corruptus
1436 2208 1521 2232 mu-

263 2258 441 2306 neribus,
479 2259 598 2297 cessit
629 2259 874 2308 deprecanti,
913 2261 952 2296 et
986 2259 1074 2297 siue
1104 2259 1283 2297 occidere
1313 2273 1355 2297 se
1388 2260 1522 2298 Aedu-

263 2323 380 2362 inum
394 2324 416 2372 ⁷,
465 2337 538 2362 seu
585 2324 789 2374 legatariis
836 2325 994 2362 tradere
1031 2325 1234 2374 promisit.
1296 2325 1411 2373 Quod
1450 2325 1522 2363 ubi

307 2442 317 2459 ¹
340 2443 571 2485 redunaldum
585 2444 621 2475 C.
783 2443 794 2460 2
817 2446 857 2475 ut
872 2444 966 2483 quod
982 2444 1027 2475 M.
1188 2443 1199 2461 ³
1222 2444 1325 2475 aebil-
1345 2445 1390 2483 C„
1410 2448 1475 2475 (1ch
1491 2456 1522 2476 80

265 2497 442 2532 flaronqhout
456 2499 501 2526 the
514 2499 644 2533 chapter.
818 2496 829 2514 4
853 2506 933 2527 cum
949 2507 1011 2536 per
1027 2496 1072 2527 M.
1243 2496 1254 2514 ⁵
1279 2497 1465 2527 redunald·
1483 2498 1518 2536 C,

265 2549 329 2576 and
345 2558 375 2576 so
392 2550 568 2585 throuyhout
585 2551 629 2578 the
645 2551 774 2585 chapter.
913 2549 924 2567 ⁶
948 2549 1095 2579 offerent
1111 2548 1159 2579 M.
1290 2547 1302 2565 ⁷
1326 2549 1449 2579 eduin·
1468 2550 1496 2579 B
1514 2560 1520 2587 3

263 2598 410 2628 eduuin—
429 2599 465 2630 C.

1540 307 1576 334 of
1587 307 1713 341 Edwin,

1542 346 1663 381 during
1678 346 1729 373 his

1541 385 1625 413 exile
1639 385 1674 412 in

1542 425 1621 451 East

1542 464 1671 498 Anglia.
