1803 2887
86 1040 201 1074 1244b.

579 625 787 673 LIBER
832 625 1142 674 TERTIUS.

767 784 888 822 CAP.
922 784 955 822 Ι.

234 893 270 921 L't
278 893 380 928 primi
396 900 574 920 successores
594 893 729 920 AEclzcz'nz'
743 890 752 907 ¹
769 894 848 928 reyis
871 894 999 927 etficlem
1024 900 1098 920 suae
1114 892 1212 928 geniis
1226 892 1417 926 prodiderint
1426 888 1446 929 ²,
1466 896 1491 920 el

271 953 400 981 regnum
410 953 500 980 porro
519 945 632 973 Oszca'cl
648 945 930 973 christianissimus
945 953 996 972 rex
1013 946 1176 979 astrumque
1192 945 1412 972 rcstaurczzcerz't
1425 940 1444 973 ³.

308 1031 402 1083 ΙΑΤ
436 1032 653 1071 interfecto
691 1032 736 1070 in
774 1046 914 1083 pugna
942 1032 1159 1079 AEduino³,
1203 1032 1382 1081 suscepit
1415 1045 1488 1081 pro
1514 1046 1704 1075 Succession

227 1097 299 1135 illo
322 1111 498 1147 regnum
530 1098 760 1145 Deirorum,
797 1099 847 1136 de
877 1112 956 1147 qua
986 1097 1196 1147 prouincia
1225 1097 1296 1135 ille
1326 1098 1488 1147 generis
1512 1086 1653 1154 {23³1ss
1668 1087 1703 1114 in

226 1163 456 1212 prosapiam
488 1165 529 1201 et
562 1163 784 1212 primordia
815 1164 931 1212 regni
963 1164 1173 1211 habuerat,
1208 1163 1320 1200 filius
1350 1163 1489 1212 patrui
1613 1148 1619 1161 ³

227 1228 315 1266 eius
346 1228 526 1277 Aelfrici,
563 1229 761 1266 uocabulo
794 1229 918 1276 Osric,
954 1229 1025 1278 qui
1057 1229 1107 1267 ad
1141 1229 1488 1278 praedicationem

227 1294 392 1332 Paulini
412 1294 508 1332 fidei
527 1296 612 1332 erat
632 1295 897 1333 sacramentis
917 1295 1100 1333 inbutus.
1162 1295 1289 1332 Porro
1309 1308 1486 1344 regnum

226 1360 521 1407 Berniciorum,
547 1373 644 1397 nam
664 1360 709 1397 in
724 1360 797 1398 has
817 1361 918 1398 duas
938 1361 1170 1409 prouincias
1189 1374 1290 1409 gens
1306 1361 1487 1398 Nordan-

224 1426 525 1475 hymbrorum⁵
571 1425 803 1474 antiquitus
840 1426 972 1464 diuisa
1019 1428 1116 1473 erat,
1150 1426 1326 1475 suscepit
1374 1426 1486 1464 filius

224 1491 459 1539 Aedilfridi,
485 1491 555 1540 qui
576 1491 625 1529 de
648 1491 720 1529 illa
743 1492 953 1541 prouincia
981 1491 1142 1541 generis
1165 1494 1206 1529 et
1230 1492 1347 1541 regni
1371 1492 1486 1541 origi-

225 1570 322 1595 nem
361 1557 540 1604 duxerat,
584 1557 754 1594 nomine
800 1557 982 1595 Eanfrid.
1045 1557 1258 1606 Siquidem
1300 1559 1484 1607 tempore
1508 1566 1575 1610 anfi
1590 1565 1675 1610 Ean-

224 1625 322 1671 toto,
348 1636 427 1672 quo
458 1622 646 1672 regnauit
675 1623 849 1660 AEduini
865 1624 887 1671 ⁶,
913 1622 989 1660 filii
1017 1623 1188 1672 praefati
1216 1623 1323 1672 regis
1348 1623 1484 1661 Aedil-
1507 1604 1669 1681 gss‘rlgssia‚

223 1688 331 1735 fridi,
356 1688 427 1737 qui
446 1690 540 1725 ante
564 1687 685 1725 illum
711 1690 965 1738 regnauerat,
989 1702 1084 1726 cum
1106 1702 1256 1738 magna
1278 1689 1483 1726 nobilium
1508 1693 1575 1712 A.D.
1592 1687 1651 1720 633-

223 1754 439 1792 iuuentute
467 1754 573 1802 apud
606 1754 764 1792 Scottos
794 1754 881 1791 siue
912 1754 1050 1791 Pictos
1081 1754 1311 1801 exulabant,
1345 1754 1484 1803 ibique

223 1820 273 1857 ad
312 1820 541 1857 doctrinam
580 1820 813 1857 Scottorum
857 1820 1103 1867 cathecizati,
1147 1822 1186 1857 et
1224 1820 1484 1869 baptismatis

224 1886 322 1922 sunt
354 1884 484 1934 gratia
520 1884 699 1923 recreati.
761 1885 841 1932 Qui
871 1887 928 1931 ut,
972 1887 1134 1922 mortuo
1173 1898 1267 1934 rege
1299 1885 1478 1933 inimico,
1506 1898 1605 1927 Their

222 1950 397 1999 patriam
427 1953 525 1988 sunt
556 1951 688 1988 redire
716 1951 917 1999 permissi,
951 1950 1105 1999 accepit
1135 1951 1295 1999 primus
1324 1964 1477 1999 eorum,
1507 1942 1665 1974 apostasy‚

222 2028 344 2063 quem
383 2015 574 2063 diximus,
617 2015 789 2053 Eanfrid
819 2029 995 2065 regnum
1033 2015 1328 2054 Berniciorum.
1404 2015 1483 2064 Qui

221 2082 391 2130 uterque
411 2094 492 2129 rex,
516 2083 562 2119 ut
582 2081 737 2119 terreni
757 2081 873 2130 regni
892 2081 1045 2118 infulas
1064 2081 1236 2119 sortitus
1262 2084 1334 2128 est,
1359 2094 1484 2119 sacra-

220 2148 359 2184 menta
393 2146 508 2195 regni
542 2147 737 2195 caelestis,
778 2146 926 2196 quibus
956 2146 1147 2184 initiatus
1185 2148 1279 2195 erat,
1317 2147 1482 2184 anathe-

220 2211 450 2250 matizando
480 2212 661 2261 prodidit
674 2212 698 2259 ⁷,
733 2225 777 2249 ac
804 2225 847 2249 se
875 2212 1021 2261 priscis
1050 2211 1261 2250 idolatriae
1291 2212 1481 2250 sordibus

220 2277 490 2325 polluendum
510 2278 848 2327 perdendumque
868 2277 1059 2316 restituit.

276 2342 358 2380 Nee
396 2356 523 2391 mora,
566 2344 788 2392 utrumque
830 2356 900 2380 rex
938 2343 1188 2381 Brettonum
1233 2343 1480 2382 Ceadualla⁸
1503 2347 1570 2414 {1111}
1585 2347 1693 2422 (ἐξῗώ,

264 2447 275 2465 ¹
298 2459 324 2478 v.
340 2453 404 2479 note
419 2448 441 2486 4,
458 2459 490 2488 p.
512 2458 581 2488 125.
724 2448 736 2465 2
760 2451 859 2480 -runt
875 2450 921 2480 M.
1064 2449 1075 2467 ³
1099 2451 1188 2480 -auit
1204 2450 1239 2480 M
1254 2461 1261 2488 3
1285 2452 1420 2480 ›auerat
1438 2450 1479 2481 N.

221 2499 231 2516 ⁴
254 2500 408 2531 eduuino
426 2501 470 2538 C;
491 2501 621 2532 eduino
638 2502 679 2532 N.
759 2502 770 2519 ⁵
791 2502 943 2532 nordon—
962 2502 996 2533 C.
1074 2502 1086 2520 ⁶
1109 2502 1263 2532 eduuine
1281 2502 1306 2533 C
1324 2513 1332 2541 ;
1355 2502 1479 2533 eduini

222 2551 264 2582 N.
360 2550 371 2570 ⁷
394 2553 553 2592 perdidit
566 2553 602 2584 C.
691 2552 702 2569 ⁸
718 2553 837 2584 eaead-
851 2553 893 2584 N.
