1803 2887
101 985 260 1013 Benedicta

103 1025 226 1059 Biscop,

101 1065 242 1092 founder
253 1065 289 1092 of

102 1104 213 1131 &Vear-

103 1143 226 1171 mouth.

106 1826 164 1853 His
179 1825 293 1861 origin.

512 472 694 507 INCIPIT
723 471 839 507 VITA
869 471 1139 507 BEATORUM
1173 471 1413 506 ABBATUM

368 575 759 632 BENEDICTI,
821 575 1214 632 CEOLFRIDI,
1269 573 1552 622 EOSTER-

677 665 869 722 WINI,
926 665 1252 723 SIGFRIDI,

881 774 1021 807 ATQUE

682 857 1207 905 HWAETBERHTI
1222 864 1248 905 1.

392 984 422 1009 1.
457 971 710 1008 Rmfflosns
731 970 886 1008 Christi
905 970 1087 1008 famulus
1100 970 1300 1020 Biscopus
1320 971 1591 1019 cognomento

333 1036 592 1083 Benedictus,
617 1035 823 1084 aspirante
843 1049 1020 1084 superna
1046 1036 1185 1085 gratia,
1210 1037 1481 1074 monasterium
1503 1048 1593 1073 con-

333 1102 483 1139 struxit
520 1101 565 1138 in
604 1101 759 1138 honore
804 1100 1032 1138 beatissimi
1079 1101 1357 1150 apostolorum
1394 1100 1593 1150 principis

333 1166 458 1214 Petri,
501 1168 611 1204 iuxta
649 1168 788 1205 ostium
827 1167 1011 1213 fluminis
1058 1166 1201 1204 Uim-52
1240 1167 1289 1204 ad
1339 1165 1586 1214 aquilonem,

332 1232 501 1270 iuuante
530 1244 573 1269 se
602 1244 646 1269 ac
676 1233 828 1268 terram
858 1230 1066 1268 tribuente
1086 1231 1313 1268 uenerabili
1338 1244 1382 1268 ac
1405 1230 1592 1280 piissimo

332 1297 466 1347 gentis
504 1297 616 1334 illius
655 1309 747 1345 rege
785 1296 1023 1345 AEcgfrid03
1064 1295 1256 1346 idemque
1295 1295 1593 1333 monasterium

333 1362 454 1400 annis
474 1361 663 1409 sedecim,
688 1361 797 1398 inter
816 1361 1058 1398 innumeros
1083 1361 1150 1399 uel
1170 1361 1365 1399 itinerum
1385 1361 1453 1398 uel
1480 1360 1592 1398 infir-

334 1427 529 1465 mitatum
577 1426 746 1473 labores,
791 1426 930 1463 eadem
978 1440 1058 1475 qua
1105 1426 1335 1464 construxit
1381 1424 1589 1474 religione,

333 1493 502 1530 sedulus
527 1491 644 1530 rexit.
722 1491 801 1539 Qui
827 1493 874 1529 ut
904 1491 1009 1529 beati
1040 1505 1168 1542 papae
1197 1491 1409 1540 Gregorii³
1442 1490 1588 1538 uerbis,

333 1558 484 1607 quibus
504 1556 761 1606 cognominis
782 1556 870 1594 eius
889 1557 1048 1595 abbatis
1076 1557 1208 1595 uitam
1239 1556 1450 1606 glorificat,
1476 1558 1570 1593 utar
1589 1569 1597 1593 :

338 1623 455 1661 ‘Fuit
503 1622 569 1660 uir
615 1622 725 1660 uitae
771 1622 1030 1670 uenerabilis,
1074 1622 1203 1671 gratia
1254 1621 1505 1659 Benedictus
1552 1622 1593 1658 et

334 1690 512 1736 nomine,
551 1688 601 1725 ab
633 1687 722 1736 ipso
752 1686 950 1736 pueritiae
989 1700 1085 1725 suae
1122 1690 1307 1736 tempore
1346 1699 1413 1723 cor
1450 1698 1594 1735 gerens

333 1754 471 1801 senile,
488 1755 664 1791 aetatem
683 1752 832 1801 quippe
848 1752 1031 1790 moribus
1050 1752 1263 1799 transiens,
1282 1751 1387 1789 nulli
1405 1751 1594 1788 animum

333 1818 537 1868 uoluptati
557 1818 696 1856 dedit?
755 1817 895 1855 Nobili
923 1817 1090 1866 quidem
1120 1817 1247 1866 stirpe
1277 1816 1411 1866 gentis
1438 1816 1595 1865 Anglo-

333 1898 426 1922 rum
445 1884 696 1933 progenitus,
721 1883 791 1920 sed
816 1896 901 1920 non
927 1883 1080 1920 minori
1100 1883 1341 1921 nobilitate4
1361 1882 1515 1920 mentis
1544 1882 1593 1919 ad

333 1950 606 1999 promerenda
640 1962 803 1997 semper
841 1949 1083 1997 angelorum
1121 1948 1325 1986 consortia
1355 1960 1590 1997 suspensus.

334 2015 523 2064 Denique
540 2027 633 2052 cum
654 2017 760 2051 esset
780 2014 970 2051 minister
991 2014 1133 2052 Oswiu
1146 2015 1159 2033 5
1175 2014 1293 2063 regis,
1319 2016 1359 2051 et
1378 2012 1596 2062 possessio-

336 2094 432 2118 nem
452 2083 583 2118 terrae
604 2092 677 2117 suo
699 2079 843 2128 gradui
868 2081 1172 2128 competentem
1202 2079 1274 2116 illo
1304 2079 1483 2116 donante
1510 2091 1597 2126 per-

338 2146 502 2195 ciperet,
544 2157 675 2182 annos
713 2145 836 2181 natus
874 2143 1033 2181 circiter
1072 2141 1180 2181 XX&
1221 2146 1262 2180 et
1295 2143 1334 2180 V
1366 2142 1593 2191 fastidiuit!
1634 2175 1640 2182 .

379 2244 388 2261 ¹
414 2243 550 2282 Incipit
567 2243 641 2272 vita
665 2245 868 2273 sanctorum
893 2243 1063 2273 abbatum
1083 2242 1291 2272 monasterii
1316 2242 1354 2271 in
1369 2241 1598 2271 NViremutha

336 2298 371 2326 et
407 2296 576 2334 Gyruum,
613 2293 809 2333 Benedicti,
845 2293 1024 2333 ceolfridi,
1060 2294 1281 2332 Easterwini,
1311 2292 1459 2332 sigfridi
1491 2295 1598 2331 atque

339 2347 548 2386 Hwetberti,
568 2347 612 2376 ab
630 2345 789 2376 eiusdem
806 2347 1016 2376 monasterii
1037 2347 1233 2386 presbitero
1253 2347 1289 2376 et
1311 2344 1483 2375 monacho
1501 2344 1599 2374 Beda

338 2399 531 2438 composita
555 2398 596 2429 D.
622 2401 687 2428 ancl
710 2408 751 2437 30,
773 2401 846 2428 with
869 2401 939 2435 only
960 2401 1076 2428 minute
1100 2400 1282 2436 defferences,
1308 2397 1367 2437 ΗΞ.
1382 2397 1419 2427 Ρ.
1439 2396 1476 2427 C.
1501 2396 1542 2427 B.
1562 2397 1598 2426 F.

340 2451 475 2490 Incipit
496 2451 573 2480 uita
589 2450 710 2480 Sancti
734 2450 922 2480 Benedicti
941 2451 1183 2490 'cognomento
1207 2447 1345 2488 Biscop'
1362 2448 1510 2487 abbatis,
1531 2458 1599 2486 que

339 2505 392 2534 est
408 2503 444 2533 ii.
462 2502 511 2532 id.
528 2503 687 2533 Ianuarii
705 2507 745 2534 Δ.
1020 2501 1033 2521 2
1056 2505 1099 2532 sic
1116 2502 1175 2540 HI.
1193 2506 1221 2532 Δ
1236 2512 1244 2539 ;
1267 2502 1348 2532 wiri
1366 2501 1408 2532 D.
1426 2501 1487 2541 H2.
1504 2500 1542 2531 P.
1560 2500 1595 2531 C.

340 2556 368 2585 B
383 2565 391 2593 ;
414 2556 504 2594 wyri
522 2555 557 2586 F.
766 2554 777 2571 3
800 2555 951 2594 gregorii
966 2564 1075 2595 papae
1093 2555 1129 2585 C.
1388 2553 1399 2570 ⁴
1423 2553 1522 2584 -tatis
1538 2552 1599 2591 H2.

341 2607 352 2625 ⁵
375 2607 488 2638 oswiii
506 2606 574 2645 Hi?
598 2607 724 2637 oswini
743 2606 788 2645 C;
814 2607 912 2637 oswii
930 2610 977 2643 Δ;
1003 2616 1100 2646 -wyn
1118 2606 1155 2637 F.

1611 459 1707 496 f.7a.

1617 1632 1742 1668 Dialog.

1615 1672 1650 1700 ii.
1666 1681 1688 1700 1.
