1803 2887
76 760 176 795 Epist.
195 760 237 788 ad

77 800 178 828 Lean-

75 839 171 866 drum
185 839 241 873 Ep.

75 860 198 912 Hispal.

271 189 349 220 Cu.
369 185 410 226 1.]
668 178 818 221 Gentis
849 179 887 219 A
896 193 921 219 η
928 178 1119 233 gylorum.
1470 181 1521 220 75

269 294 507 341 abstractus,
549 294 598 331 ad
636 293 915 331 ministerium
957 293 1098 331 altaris
1136 294 1357 341 ordinatus,
1401 296 1522 343 atque

269 359 665 408 Constantinopolim
697 358 976 407 apocrisiarius
1009 359 1059 396 ab
1088 359 1306 408 apostolica
1340 354 1434 397 sede
1470 360 1524 397 di-

268 426 402 462 rectus
422 425 493 471 est,
518 424 621 461 nonl
648 424 787 461 tamen
816 424 860 461 in
889 426 1053 462 terreno
1083 426 1348 462 conuersatus
1371 424 1522 473 palatio

268 489 521 539 propositum
550 489 658 526 uitae
688 488 873 526 caelestis
901 489 1137 527 intermisit.
1195 490 1302 527 Nam
1327 490 1523 539 quosdam

267 554 442 592 fratrum
471 567 519 591 ex
547 553 797 591 monasterio
823 567 906 601 suo,
932 554 1002 603 qui
1026 568 1120 592 eum
1151 555 1280 603 gratia
1309 568 1525 603 germanae

269 618 447 656 caritatis
475 619 525 656 ad
554 618 707 668 regiam
727 618 872 656 urbem
900 619 1028 656 secuti
1047 621 1156 667 sunt,
1180 619 1223 657 in
1243 621 1523 657 tutamentum

268 684 399 733 coepit
447 684 731 722 obseruantiae
777 684 975 733 regularis
1021 684 1196 732 habere3
1243 685 1436 723 uidelicet
1478 687 1524 723 ut

268 763 410 787 eorum
430 762 589 798 semper
609 749 808 798 exemplo,
834 750 940 787 sicut
965 750 1051 798 ipse
1076 750 1225 798 scribit,
1250 751 1300 788 ad
1328 750 1524 789 orationis

268 815 473 864 placidum
511 814 621 862 litus,
664 814 782 863 quasi
818 815 1017 852 anchorae
1055 815 1154 853 sune
1192 815 1519 865 restringeretur,

268 893 362 918 cum
388 879 619 917 incessabili
647 893 859 918 causarum
889 880 1157 918 saecularium
1186 880 1353 929 inpulsu
1383 881 1525 919 fiuctu-

266 948 362 993 aret,
394 958 713 994 concussamque
742 945 893 983 saeculi
920 945 1078 983 actibus
1105 948 1290 983 mentem
1320 946 1428 984 inter
1457 960 1524 984 eos

266 1011 413 1048 cotidIe
453 1023 526 1060 per
567 1010 771 1048 studiosae
818 1010 1006 1048 lectionis
1043 1010 1249 1048 roboraret
1287 1011 1523 1060 alloquium.

266 1075 431 1114 Horum
451 1089 545 1125 ergo
564 1075 768 1113 consortio
789 1089 874 1113 non
894 1076 1030 1113 solum
1058 1089 1081 1113 a
1109 1076 1285 1114 terrenis
1309 1078 1370 1114 est
1395 1076 1526 1114 muni-

266 1144 333 1180 tus
353 1140 594 1189 incursibus,
620 1154 767 1178 uerum
787 1141 912 1178 etiam
928 1141 978 1179 ad
999 1140 1183 1179 caelestis
1205 1141 1396 1179 exercitia
1416 1142 1525 1179 uitae

265 1207 396 1256 magis
416 1206 626 1256 magisque
646 1220 873 1244 succensus.

321 1273 427 1310 Nam
448 1272 600 1310 hortati
621 1274 719 1309 sunt
739 1285 845 1319 eum,
870 1274 917 1310 ut
941 1271 1096 1309 librum
1125 1272 1232 1310 beati
1258 1272 1334 1310 Iob
1364 1273 1526 1322 magnis

266 1337 503 1376 inuolutum
531 1337 847 1375 obscuritatibus
877 1337 1053 1387 mystica
1081 1337 1419 1386 interpretatione
1449 1339 1524 1376 dis-

267 1405 422 1442 cuteret
443 1418 451 1450 ;
480 1416 612 1452 neque
632 1416 779 1452 negare
798 1403 933 1451 potuit
955 1416 1066 1452 opus,
1093 1404 1200 1452 quod
1222 1403 1300 1441 sibi
1320 1404 1524 1441 fraternus

266 1481 381 1506 amor
409 1468 552 1507 multis
580 1469 682 1507 utile
710 1469 899 1506 futurum
925 1468 1159 1517 inponebat.
1222 1469 1300 1506 Sed
1321 1467 1526 1506 eundem2

265 1534 429 1581 librum,
455 1535 659 1583 quomodo
679 1534 792 1572 iuxta
812 1534 994 1572 litteram
1014 1533 1328 1584 intellegendus.
1354 1535 1527 1583 qualiter

265 1600 340 1638 ad3
371 1600 521 1638 Christi
556 1602 596 1638 et
614 1602 626 1620 4
656 1600 845 1638 ecclesiae
878 1601 1131 1637 sacramenta
1164 1600 1408 1647 referendus,
1445 1614 1525 1649 quo

267 1678 388 1703 sensu
415 1665 638 1714 unicuique
659 1665 845 1703 fidelium
876 1665 930 1702 sit
957 1665 1169 1714 aptandus,
1194 1678 1266 1714 per
1285 1665 1409 1702 XXX
1429 1668 1469 1703 et
1489 1666 1526 1702 V

267 1731 392 1768 libros
425 1731 691 1780 expositionis
721 1731 910 1769 miranda
942 1730 1100 1768 ratione
1128 1731 1347 1779 perdocuit.
1409 1731 1525 1779 Quod

267 1796 458 1834 uidelicet
507 1810 609 1845 opus
656 1796 701 1834 in
749 1796 859 1845 regia
897 1796 1065 1845 quidem
1103 1796 1202 1833 urbe
1244 1796 1525 1845 apocrisiarius

267 1862 485 1910 inchoauit‚
512 1862 664 1900 Romae
694 1863 831 1900 autem
858 1861 939 1899 iam
968 1861 1152 1911 pontifex
1173 1862 1304 1900 factus
1333 1861 1525 1910 expleuit.

268 1928 345 1976 Qui
367 1941 461 1965 cum
481 1928 614 1965 adhuc
627 1928 639 1947 ⁵
660 1929 765 1965 esset
785 1927 895 1976 regia
915 1927 957 1965 in
979 1927 1079 1964 urbe
1099 1927 1266 1976 positus,
1291 1929 1526 1965 nascentem

266 1993 324 2030 ibi
344 2006 494 2031 nouam
515 1993 694 2031 heresim
715 1993 764 2030 de
785 1994 894 2030 statu
916 1994 1077 2030 nostrae
1093 1992 1412 2041 resurrectionis,
1432 2006 1527 2030 cum

267 2058 364 2107 ipso,
383 2072 462 2107 quo
479 2059 640 2096 exorta⁶
660 2060 732 2106 est,
756 2057 886 2105 initio,
912 2057 1081 2095 iuuante
1101 2071 1143 2095 se
1163 2058 1292 2107 gratia
1307 2058 1526 2096 catholicae

267 2124 463 2171 ueritatis,
489 2123 658 2162 attriuit.
720 2123 934 2172 Siquidem
960 2123 1186 2172 Eutycius⁷
1207 2123 1391 2161 eiusdem
1414 2123 1527 2161 urbis

268 2188 479 2238 episcopus
499 2188 796 2238 dogmatizabat
818 2202 962 2238 corpus
976 2190 1165 2226 nostrum
1184 2188 1228 2225 in
1249 2188 1318 2226 illa
1333 2202 1527 2226 resurrec-

270 2254 392 2292 tionis
413 2254 540 2303 gloria
560 2254 817 2303 inpalpabile,
844 2253 980 2291 uentis
1004 2267 1173 2302 aereque
1189 2253 1201 2273 ⁸
1223 2254 1415 2291 subtilius
1440 2268 1527 2292 esse

271 2320 487 2367 futurum;
521 2320 628 2368 quod
660 2319 731 2357 ille
759 2318 940 2366 audiens,
972 2319 1040 2356 et⁹
1068 2319 1225 2356 ratione
1254 2319 1451 2367 ueritatis,
1485 2322 1525 2358 et

273 2385 458 2434 exemplo
479 2385 708 2424 dominicae
728 2384 1046 2432 resurrectionis,
1071 2384 1261 2433 probauit
1280 2384 1358 2422 hoc
1379 2385 1527 2434 dogma.

316 2495 327 2512 ¹
350 2505 415 2526 nec
431 2496 467 2526 O.
584 2495 596 2512 ²
617 2495 766 2526 eandem
783 2495 842 2527 M1.
955 2494 967 2511 ³
993 2495 1028 2524 et
1045 2493 1089 2524 ad
1107 2494 1151 2524 M.
1263 2492 1274 2510 4
1298 2495 1333 2524 et
1350 2504 1407 2524 om.
1427 2494 1461 2525 C.
1481 2495 1522 2525 N.

272 2545 284 2563 ⁵
307 2547 421 2577 adhuc
444 2558 501 2578 om.
518 2547 563 2579 M.
675 2548 687 2566 ⁶
709 2557 752 2578 ex
767 2557 836 2587 quo
853 2548 931 2577 orta
948 2546 992 2577 M.
1095 2544 1107 2562 ⁷
1131 2545 1318 2584 euthycius
1336 2546 1360 2576 C
1379 2556 1386 2583 ;
1410 2546 1523 2576 euthi-

272 2599 346 2629 cius
362 2599 393 2629 N
408 2609 416 2637 ;
439 2599 625 2639 eutychius
641 2599 682 2631 Β.
803 2598 814 2616 ³
837 2599 979 2638 aerique
996 2598 1092 2629 MSS.
1211 2597 1222 2614 ⁹
1246 2607 1288 2628 ex
1304 2598 1346 2627 N.

1550 1280 1610 1307 His
1624 1280 1737 1307 works.

1549 1320 1615 1347 The
1631 1319 1720 1347 Com-

1548 1363 1701 1391 mentary
1711 1368 1751 1385 ou

1549 1399 1619 1426 Job.
