1803 2887
222 194 297 224 CAP.
317 187 486 229 XXVIII]
618 180 770 223 Gentis
800 180 1072 234 Anylomcm.
1393 179 1470 218 195

221 298 346 336 frater
377 296 697 336 reuerentissimi
728 293 950 334 antistitis¹
991 295 1126 343 Ceddi,
1164 295 1279 332 cuius
1317 294 1476 343 saepius

222 363 501 409 meminimus,
529 363 569 400 et
598 361 720 399 abbas
749 360 988 398 monasterii
1018 361 1138 408 illius,
1166 360 1272 409 quod
1306 361 1477 396 uocatur

223 429 493 477 Laestingaeu
507 425 531 466 ².
608 426 802 474 Misitque
839 439 932 463 cum
980 439 1026 463 eo
1072 439 1143 463 rex
1189 424 1477 474 presbyterum

223 507 345 531 suum
368 491 565 530 uocabulo
584 490 850 529 Eadhaedum
865 491 889 537 ³,
910 490 980 539 qui
1000 492 1140 539 postea
1164 492 1362 539 regnante
1382 489 1478 538 Ecg-

223 558 328 596 frido
341 559 364 605 ⁴,
389 556 620 606 Hrypensis
640 555 827 593 ecclesiae
846 555 1009 604 praesul
1035 556 1168 593 factus
1189 558 1259 593 est.
1321 555 1479 593 Uerum

224 623 288 661 illi
316 622 504 661 Cantiam
532 621 828 670 peruenientes,
852 622 1100 658 inuenerunt
1129 621 1479 670 archiepiscopum

225 688 450 726 Deusdedit
476 687 560 724 iam
588 686 782 735 migrasse
813 686 861 724 de
886 686 1056 734 saeculo,
1085 688 1124 724 et
1153 687 1331 724 necdum
1352 685 1479 723 alium

226 766 300 804 pro
329 766 375 791 eo
404 752 674 791 constitutum
700 751 827 789 fuisse
852 752 1099 801 pontificem.
1160 752 1282 790 Unde
1304 752 1482 790 deuerte-

226 819 344 857 runt5
357 818 406 856 ad
426 818 680 867 prouinciam
702 817 1050 855 OccidentaliumG
1067 817 1287 864 Saxonum,
1304 817 1376 855 ubi
1396 818 1481 854 erat

227 884 357 923 Uini⁷
391 884 631 933 episcopus;
661 884 701 920 et
730 883 779 920 ab
811 882 882 921 illo
921 885 981 921 est
1015 883 1079 920 uir
1108 883 1315 932 praefatus
1349 896 1484 921 conse-

227 952 362 988 cratus
394 949 576 996 antistes,
614 948 817 986 adsumtis
855 949 900 985 in
938 949 1175 987 societatem
1213 948 1484 987 ordinationis

228 1014 386 1053 duobus
412 1013 416 1066 Ι
443 1015 491 1052 de
506 1014 756 1052 Brettonum
777 1016 898 1064 gente
919 1014 1126 1063 episcopis,
1145 1014 1215 1064 qui
1231 1014 1486 1052 dominicum

226 1081 399 1131 paschae
437 1080 557 1126 diem,
591 1081 636 1117 ut
670 1080 832 1129 saepius
871 1080 1027 1117 dictum
1066 1082 1136 1127 est,
1174 1093 1288 1117 secus
1326 1092 1485 1117 morem

229 1146 469 1184 canonicum
490 1158 512 1183 a
532 1145 688 1183 XIIII*
706 1158 836 1194 usque
856 1146 905 1183 ad
922 1145 1054 1182 XXam
1074 1145 1217 1183 lunam
1238 1145 1445 1183 celebrant
1459 1145 1481 1182 ς.

229 1212 323 1250 Non
350 1212 463 1249 enim
489 1213 574 1249 erat·
602 1213 702 1248 tunc
725 1210 847 1258 ullus,
872 1213 1038 1260 excepto
1062 1211 1135 1249 illo
1166 1211 1276 1250 Uine
1289 1211 1312 1258 ⁷,
1337 1210 1381 1248 in
1401 1212 1487 1249 tota

230 1277 437 1316 Brittania
470 1277 662 1315 canonice
693 1276 913 1314 ordinatus
939 1277 1161 1326 episcopus.
1222 1278 1488 1316 Consecratus

231 1356 325 1392 ergo
368 1342 412 1380 in
461 1342 722 1392 episcopum⁹
760 1342 920 1380 Ceadda
957 1344 1181 1380 maximam
1218 1356 1315 1380 mox
1358 1342 1488 1391 coepit

233 1408 526 1446 ecclesiasticae
563 1407 729 1446 ueritati
767 1410 807 1445 et
845 1408 1022 1446 castitati
1061 1421 1201 1446 curam
1238 1408 1489 1457 inpendere;

233 1474 471 1521 humilitati,
492 1474 780 1521 continentiae,
805 1473 971 1512 lectioni
991 1487 1156 1523 operam
1177 1475 1270 1512 dare
1288 1489 1296 1521 3
1327 1474 1485 1523 oppida,

233 1552 339 1587 rura,
360 1553 480 1588 casas,
501 1540 623 1587 uicos,
644 1539 808 1577 castella
827 1542 995 1589 propter
1010 1539 1386 1588 euangelizandum,
1407 1552 1491 1577 non

234 1605 466 1654 equitando,
500 1605 571 1643 sed
604 1605 883 1654 apostolorum
917 1618 1031 1643 more
1062 1605 1235 1655 pedibus
1266 1605 1492 1644 incedendo

234 1684 456 1721 peragrare.
517 1671 617 1708 Erat
637 1670 749 1708 enim
769 1671 818 1708 de
839 1671 1050 1720 discipulis
1070 1671 1232 1718 Aidani,
1258 1672 1492 1721 eisdemque

235 1737 393 1775 actibus
412 1750 457 1774 ac
477 1736 661 1774 moribus
686 1736 801 1774 iuxta
827 1736 1063 1785 exemplum
1087 1737 1175 1775 eius
1201 1750 1245 1775 ac
1264 1737 1404 1775 fratris
1430 1737 1494 1774 sui

237 1802 365 1842 Ceddi
411 1815 507 1839 suos
557 1801 773 1839 instituere
815 1803 974 1840 curauit
1020 1803 1236 1841 auditores
1329 1803 1495 1841 Ueniens

238 1880 398 1916 quoque
424 1867 674 1905 Brittaniam
698 1868 845 1915 Uilfrid
862 1869 945 1906 iam
966 1869 1158 1916 episcopus
1186 1868 1317 1906 factus
1343 1869 1383 1905 et
1409 1867 1494 1916 ipse

238 1933 428 1983 perplura
455 1932 674 1971 catholicae
701 1933 995 1971 obseruationis
1024 1934 1307 1971 moderamina
1337 1933 1497 1972 ecclesiis

240 1999 473 2048 Anglorum
504 2012 575 2036 sua
607 1999 791 2037 doctrina
821 1999 1005 2038 contulit.
1079 2000 1201 2038 Unde
1235 2000 1389 2037 factum
1420 2002 1492 2037 est.

242 2065 298 2112 ut,
342 2067 547 2102 crescente
583 2078 656 2114 per
693 2065 779 2102 dies
816 2065 1081 2103 institutione
1119 2065 1326 2113 catholica,
1370 2065 1498 2103 Scotti

242 2142 395 2176 omnes,
421 2130 491 2178 qui
522 2130 631 2167 inter
658 2130 818 2178 Anglos
848 2131 1124 2175 morabantur,
1153 2133 1223 2169 aut
1254 2131 1320 2169 his
1350 2143 1499 2168 manus

244 2194 398 2243 darent,
431 2197 501 2233 aut
530 2208 648 2233 suam
676 2196 858 2233 redirent
887 2196 937 2233 ad
966 2196 1142 2244 patriam
1157 2195 1195 2234 ¹⁰.

287 2300 298 2318 ¹
319 2301 363 2331 -ti
379 2301 432 2339 M3
456 2302 600 2332 antistis
616 2301 668 2332 Bl.
751 2301 763 2318 ²
786 2312 842 2341 -ga
854 2303 889 2342 ig
905 2302 958 2333 B2.
1040 2301 1052 2319 3
1075 2303 1221 2333 -hedum
1239 2303 1283 2334 N;
1335 2303 1346 2320 ⁴
1369 2303 1500 2334 ecfrido

246 2353 283 2384 O.
393 2353 405 2370 ⁵
427 2354 560 2384 diuert-
577 2354 614 2385 C.
631 2354 672 2385 B.
785 2355 797 2373 ⁶
821 2353 982 2385 -cci‘d'—0n
997 2366 1118 2385 erasure
1134 2355 1178 2393 M,
1194 2359 1239 2385 the
1254 2359 1345 2386 scribe
1363 2366 1400 2385 120
1412 2359 1502 2386 {Ioum

246 2408 332 2435 wrote
347 2406 474 2436 orient·
491 2409 660 2446 originally,
687 2417 724 2437 (ιε
744 2408 778 2436 in
800 2409 846 2436 the
867 2410 999 2444 heading!
1009 2419 1020 2444 ;
1044 2411 1108 2437 (md
1131 2411 1191 2437 fleis
1215 2411 1241 2438 is
1263 2411 1309 2439 tlze
1330 2411 1458 2445 reading]
1473 2411 1508 2445 qs*

247 2460 293 2488 the
309 2461 365 2488 text
380 2460 415 2488 in
431 2458 492 2497 Hi.
615 2457 626 2474 ⁷
650 2459 751 2489 uuini
768 2459 804 2490 C.
925 2458 936 2476 ⁸
959 2459 1117 2490 -brarant
1137 2459 1186 2491 C'2.
1275 2460 1286 2478 9
1309 2462 1446 2500 -patum
1464 2461 1500 2491 C.

250 2507 274 2526 ¹⁰
295 2510 389 2540 unde
407 2535 414 2542 .
433 2535 439 2542 .
460 2535 467 2542 .
483 2511 646 2551 patriam,
665 2514 763 2542 added
779 2522 817 2542 on
831 2513 918 2542 lower
932 2515 1057 2550 margin
1072 2512 1118 2543 M.

1503 559 1569 586 and
1578 557 1705 586 Ceadda

1503 598 1616 633 (ehad)
1632 597 1666 623 in

1504 638 1645 666 VVessex.
