1803 2887
283 155 367 193 250
638 154 688 195 H
690 155 844 196 istoria
875 155 1182 197 Ecclesiae-tica
1374 162 1458 202 [Lm.
1481 165 1534 195 IV.

283 268 431 317 spiritu
455 271 614 317 reuixit,
639 284 683 308 ac
709 270 900 319 residens,
932 285 1004 309 sua
1030 271 1212 318 uulnera,
1244 273 1365 320 prout
1388 271 1532 320 potuit,

286 334 373 382 ipse
406 335 619 384 alligauit;
649 335 769 373 dein¹
802 337 1009 374 modicum
1044 337 1259 386 requietus,
1298 337 1452 374 leuauit
1481 350 1534 379 se,

286 401 325 436 et
355 401 484 449 coepit
508 401 628 449 abire,
654 401 781 439 sicubi
808 402 972 449 amicos,
1008 402 1078 451 qui
1105 403 1167 439 sui
1195 415 1334 439 curam
1357 404 1534 451 agerent,

286 467 422 516 posset
442 466 638 505 inuenire.
701 467 817 514 Quod
848 468 946 505 dum
976 468 1133 515 faceret,
1168 467 1365 504 inuentus
1394 468 1466 514 est,
1500 468 1538 504 et

286 534 427 581 captus
461 545 483 569 a
511 532 611 569 uiris
645 532 807 570 hostilis
839 533 1050 580 exercitus,
1089 535 1129 570 et
1159 533 1209 570 ad
1239 533 1457 569 dominum
1486 532 1541 581 ip-

286 611 436 644 sorum,
469 597 662 634 comitem
696 598 886 635 uidelicet
915 598 1150 635 Aedilredi²
1179 598 1293 646 regis,
1328 598 1536 635 adductus.

288 664 328 700 A
348 676 428 710 quo
448 662 731 711 interrogatus,
757 663 827 712 qui
851 665 966 711 esset,
991 663 1132 701 timuit
1153 676 1195 700 se
1218 663 1395 700 militem
1416 662 1542 700 fuisse

289 728 476 766 confiteri
497 743 505 775 ;
554 729 753 766 rusticum
792 742 834 766 se
880 729 1016 778 potius
1059 731 1098 767 et
1145 742 1377 778 pauperem,
1421 730 1544 777 atque

291 808 441 831 uxoreo
462 794 627 831 uinculo
648 794 899 843 conligatum
915 795 1040 832 fuisse
1056 795 1266 843 respondit
1284 809 1292 841 ;
1322 795 1362 832 et
1380 795 1545 842 propter

291 860 448 897 uictum
469 859 673 897 militibus
698 860 966 897 adferendum
992 860 1035 897 in
1062 859 1366 908 expeditionem
1390 872 1433 897 se
1453 872 1547 896 cum

292 925 356 963 sui
372 926 384 944 3
405 925 613 962 similibus
632 925 794 963 uenisse
815 926 987 963 testatus
1011 928 1083 963 est.
1144 926 1202 963 At
1228 925 1298 962 ille
1324 925 1550 973 suscipiens

293 1005 398 1038 eum,
423 1004 560 1028 curam
587 990 830 1028 uulneribus
858 991 968 1040 egit;
998 994 1039 1028 et
1070 991 1139 1028 ubi
1168 1003 1377 1028 sanescere
1404 989 1544 1038 coepit⁷

293 1059 418 1094 noctu
457 1070 563 1103 eum,
607 1070 659 1093 ne
696 1056 908 1104 aufugeret
923 1057 946 1104 ⁴,
990 1056 1140 1093 uinciri
1177 1057 1392 1105 praecepit.
1465 1055 1547 1092 Nec

294 1126 434 1160 tamen
456 1121 603 1159 uinciri
629 1121 788 1170 potuit;
821 1135 917 1159 nam
944 1135 1050 1169 mOX,
1077 1124 1122 1159 ut
1148 1121 1291 1167 abiere,
1317 1121 1387 1170 qui
1413 1121 1551 1158 uinxe-

295 1190 388 1226 rant
404 1189 427 1235 ⁵,
453 1188 594 1225 eadem
614 1187 701 1224 eius
722 1189 819 1224 sunt
839 1187 1006 1224 uincula
1026 1187 1168 1225 soluta.

351 1254 539 1291 Habebat
568 1253 681 1289 enim
710 1265 952 1301 germanum
981 1253 1160 1299 fratrem,
1192 1252 1256 1290 cui
1288 1265 1441 1289 nomen
1467 1253 1552 1289 erat

297 1321 456 1366 Tunna,
468 1318 754 1367 presbyterum
771 1319 811 1355 et
831 1318 1019 1355 abbatem
1035 1317 1295 1356 monasterii‘*
1311 1318 1354 1355 in
1371 1317 1548 1365 ciuitate,

298 1398 401 1434 quae
430 1385 629 1421 hactenus
655 1384 705 1421 ab
732 1383 818 1421 eius
842 1384 1010 1421 nomine
1033 1383 1329 1422 Tunnacaestir
1352 1382 1554 1433 cognomi-

300 1453 422 1488 natur
439 1465 447 1498 ;
483 1449 554 1498 qui
592 1463 686 1487 cum
725 1463 821 1487 eum
859 1449 904 1487 in
941 1463 1079 1498 pugna
1113 1451 1345 1498 peremtum
1383 1447 1552 1493 audiret,

300 1516 415 1553 uenit
446 1529 649 1564 quaerere,
685 1514 718 1552 si
747 1515 853 1552 forte
887 1528 1032 1564 corpus
1065 1516 1153 1553 eius
1184 1515 1372 1552 inuenire
1405 1514 1551 1563 posset,

303 1582 606 1630 inuentumque
627 1581 756 1618 alium
777 1581 839 1618 illi
855 1594 927 1629 per
942 1581 1080 1618 omnia
1101 1581 1374 1628 simillimum,
1395 1578 1557 1629 putauit

299 1647 437 1696 ipsum
472 1659 583 1693 esse;
623 1659 745 1694 quem
778 1646 827 1683 ad
867 1646 1162 1683 monasterium
1200 1659 1321 1684 suum
1360 1645 1554 1687 deferens,

303 1712 525 1751 honorifice
558 1711 759 1760 sepeliuit,
798 1713 838 1749 et
875 1725 948 1761 pro
986 1712 1245 1749 absolutione
1278 1711 1440 1749 animae
1474 1710 1561 1747 eius

304 1778 442 1827 sepius
481 1779 627 1815 missas
666 1778 795 1815 facere
833 1778 1000 1816 curauit.
1063 1778 1248 1825 Quarum
1289 1776 1559 1814 celebratione

307 1845 482 1895 {factum
509 1845 581 1891 est,
607 1844 713 1892 quod
745 1844 840 1890 dixi,
866 1846 912 1882 ut
936 1843 1077 1881 nullus
1105 1856 1200 1880 eum
1230 1845 1365 1891 posset
1391 1842 1557 1888 uincire,
1583 1851 1605 1879 f.
1623 1853 1689 1878 88³³.

306 1909 405 1960 quin
444 1909 641 1946 continuo
675 1909 911 1947 solueretur.
972 1910 1136 1946 Interea
1174 1922 1321 1956 comes,
1360 1907 1430 1956 qui
1468 1919 1563 1944 eum

305 1973 480 2020 tenebat,
507 1972 647 2009 mirari
669 1973 709 2008 et
728 1972 977 2021 interrogare
1004 1971 1145 2021 coepit,
1172 1985 1294 2020 quare
1314 1970 1457 2020 1131111τ
1478 1982 1563 2006 non

307 2040 453 2088 posset,
478 2051 530 2075 an
543 2038 554 2056 s
575 2038 680 2074 forte
700 2037 858 2074 litteras
878 2037 1104 2084 solutorias,
1125 2038 1174 2074 de
1196 2036 1384 2086 qualibus
1404 2035 1565 2073 fabulae

308 2105 459 2151 ferunt,
484 2103 591 2152 apud
612 2116 654 2140 se
670 2102 849 2150 haberet,
869 2105 1035 2152 propter
1051 2116 1151 2152 quas
1171 2103 1290 2152 ligari
1311 2115 1394 2140 non
1415 2101 1561 2150 posset.

309 2172 368 2208 At
398 2169 469 2207 ille
498 2168 709 2217 respondit
740 2168 802 2205 nil
833 2181 875 2206 se
906 2168 1053 2206 talium
1087 2169 1240 2206 artium
1270 2180 1417 2214 nosse3
1462 2166 1565 2204 ‘Sed

310 2236 440 2273 habeo
459 2235 657 2281 frat1·e1n,’
673 2235 820 2283 inquit,
851 2235 1151 2284 ‘presbyterum
1172 2233 1215 2271 111
1231 2247 1323 2271 mea
1342 2232 1562 2281 prouincia,

312 2303 352 2339 et
371 2301 464 2349 scio,
493 2301 587 2349 quia
608 2301 677 2338 ille
699 2314 765 2338 me
785 2300 1049 2338 interfectum
1068 2302 1218 2348 putans
1242 2313 1314 2348 pro
1335 2312 1402 2336 me
1422 2297 1569 2335 missas

312 2367 472 2404 crebras
509 2366 633 2413 facim
682 2368 722 2403 et
768 2367 802 2404 si
841 2379 951 2403 nunc
995 2366 1038 2403 in
1079 2365 1158 2403 alia
1196 2365 1282 2402 uita
1326 2377 1469 2411 essem,
1512 2362 1570 2400 ibi

358 2479 367 2496 ¹
392 2479 520 2509 deinde
538 2479 579 2508 N.
735 2478 746 2493 ²
770 2477 873 2507 aebil-
891 2478 928 2508 C.
1092 2479 1102 2494 ³
1127 2478 1200 2507 suis
1214 2477 1248 2507 C.
1396 2475 1406 2492 ⁴
1431 2476 1494 2506 -rit
1512 2475 1570 2506 M'.

313 2534 324 2550 ⁵
348 2532 536 2562 uincerant
554 2531 613 2561 M1.
630 2530 668 2560 B¹
687 2541 694 2568 ;
718 2531 920 2560 uincierunt
938 2530 974 2560 C.
993 2530 1034 2560 N.
1053 2528 1107 2560 ΒΖ.
1190 2530 1201 2546 ⁶
1225 2529 1269 2558 -ri
1287 2528 1347 2559 M¹.
1486 2526 1497 2544 ⁷
1521 2537 1571 2557 -re

316 2588 375 2619 M'.
508 2585 519 2602 Β
542 2596 581 2616 ac
599 2585 656 2616 M'.
