<?xml version="1.0" encoding="UTF-8"?>
<!DOCTYPE html PUBLIC "-//W3C//DTD XHTML 1.0 Transitional//EN"
    "http://www.w3.org/TR/xhtml1/DTD/xhtml1-transitional.dtd">
<html xmlns="http://www.w3.org/1999/xhtml" xml:lang="en" lang="en">
 <head>
  <title>
</title>
<meta http-equiv="Content-Type" content="text/html;charset=utf-8" />
  <meta name='ocr-system' content='tesseract 3.04.00' />
  <meta name='ocr-capabilities' content='ocr_page ocr_carea ocr_par ocr_line ocrx_word'/>
</head>
<body>
  <div class='ocr_page' id='page_1' title='image "./venerabilisbaeda00bedeuoft_0402.png"; bbox 0 0 1803 2887; ppageno 0'>
   <div class='ocr_carea' id='block_1_1' title="bbox 103 888 262 917">
    <p class='ocr_par' dir='ltr' id='par_1_1' title="bbox 103 888 262 917">
     <span class='ocr_line' id='line_1_1' title="bbox 103 888 262 917; baseline 0.006 -1"><span class='ocrx_word' id='word_1_1' title='bbox 103 888 262 917; x_wconf 83' lang='lat' dir='ltr'>Miracles.</span> 
     </span>
    </p>
   </div>
   <div class='ocr_carea' id='block_1_2' title="bbox 94 1807 255 1876">
    <p class='ocr_par' dir='ltr' id='par_1_2' title="bbox 94 1807 255 1876">
     <span class='ocr_line' id='line_1_2' title="bbox 96 1807 252 1842; baseline 0 -7"><span class='ocrx_word' id='word_1_2' title='bbox 96 1807 252 1842; x_wconf 78' lang='lat' dir='ltr'>Wynfrid</span> 
     </span>
     <span class='ocr_line' id='line_1_3' title="bbox 94 1848 255 1876; baseline 0.012 -2"><span class='ocrx_word' id='word_1_3' title='bbox 94 1848 255 1876; x_wconf 81' lang='lat' dir='ltr'>succeeds.</span> 
     </span>
    </p>
   </div>
   <div class='ocr_carea' id='block_1_3' title="bbox 338 180 1593 226">
    <p class='ocr_par' dir='ltr' id='par_1_3' title="bbox 338 180 1593 226">
     <span class='ocr_line' id='line_1_4' title="bbox 338 180 1593 226; baseline -0.003 -4"><span class='ocrx_word' id='word_1_4' title='bbox 338 182 423 222; x_wconf 82' lang='lat'>212</span> <span class='ocrx_word' id='word_1_5' title='bbox 707 180 915 222; x_wconf 54' lang='lat' dir='ltr'>Historia</span> <span class='ocrx_word' id='word_1_6' title='bbox 945 180 1252 222; x_wconf 68' lang='lat' dir='ltr'>Ecclesiastica</span> <span class='ocrx_word' id='word_1_7' title='bbox 1436 184 1593 226; x_wconf 75' lang='lat' dir='ltr'>[L1n.1V.</span> 
     </span>
    </p>
   </div>
   <div class='ocr_carea' id='block_1_4' title="bbox 321 292 1595 2308">
    <p class='ocr_par' dir='ltr' id='par_1_4' title="bbox 336 292 1595 475">
     <span class='ocr_line' id='line_1_5' title="bbox 337 292 1594 344; baseline -0.002 -11"><span class='ocrx_word' id='word_1_8' title='bbox 337 295 453 343; x_wconf 79' lang='lat' dir='ltr'>Quod</span> <span class='ocrx_word' id='word_1_9' title='bbox 492 298 634 333; x_wconf 88' lang='lat' dir='ltr'>utrum</span> <span class='ocrx_word' id='word_1_10' title='bbox 672 295 722 333; x_wconf 90' lang='lat' dir='ltr'>de</span> <span class='ocrx_word' id='word_1_11' title='bbox 755 309 798 333; x_wconf 87' lang='lat' dir='ltr'>se</span> <span class='ocrx_word' id='word_1_12' title='bbox 828 309 881 334; x_wconf 86' lang='lat' dir='ltr'>an</span> <span class='ocrx_word' id='word_1_13' title='bbox 914 296 964 334; x_wconf 87' lang='lat' dir='ltr'>de</span> <span class='ocrx_word' id='word_1_14' title='bbox 997 295 1078 333; x_wconf 87' lang='lat' dir='ltr'>alio</span> <span class='ocrx_word' id='word_1_15' title='bbox 1109 294 1245 344; x_wconf 84' lang='lat' dir='ltr'>aliquo</span> <span class='ocrx_word' id='word_1_16' title='bbox 1280 294 1440 341; x_wconf 84' lang='lat' dir='ltr'>diceret,</span> <span class='ocrx_word' id='word_1_17' title='bbox 1476 292 1594 330; x_wconf 88' lang='lat' dir='ltr'>nobis</span> 
     </span>
     <span class='ocr_line' id='line_1_6' title="bbox 336 357 1595 409; baseline -0.002 -11"><span class='ocrx_word' id='word_1_18' title='bbox 336 362 477 398; x_wconf 84' lang='lat' dir='ltr'>manet</span> <span class='ocrx_word' id='word_1_19' title='bbox 508 361 724 408; x_wconf 86' lang='lat' dir='ltr'>incertum,</span> <span class='ocrx_word' id='word_1_20' title='bbox 762 361 862 399; x_wconf 93' lang='lat' dir='ltr'>dum</span> <span class='ocrx_word' id='word_1_21' title='bbox 900 363 1041 399; x_wconf 84' lang='lat' dir='ltr'>tamen</span> <span class='ocrx_word' id='word_1_22' title='bbox 1078 361 1166 408; x_wconf 91' lang='lat' dir='ltr'>hoc,</span> <span class='ocrx_word' id='word_1_23' title='bbox 1210 360 1317 409; x_wconf 90' lang='lat' dir='ltr'>quod</span> <span class='ocrx_word' id='word_1_24' title='bbox 1356 361 1499 397; x_wconf 90' lang='lat' dir='ltr'>tantus</span> <span class='ocrx_word' id='word_1_25' title='bbox 1530 357 1595 395; x_wconf 89' lang='lat' dir='ltr'>uir</span> 
     </span>
     <span class='ocr_line' id='line_1_7' title="bbox 336 425 1469 475; baseline -0.001 -12"><span class='ocrx_word' id='word_1_26' title='bbox 336 425 450 467; x_wconf 76' lang='lat' dir='ltr'>dixit,</span> <span class='ocrx_word' id='word_1_27' title='bbox 477 425 572 475; x_wconf 89' lang='lat' dir='ltr'>quia</span> <span class='ocrx_word' id='word_1_28' title='bbox 602 439 747 464; x_wconf 90' lang='lat' dir='ltr'>uerum</span> <span class='ocrx_word' id='word_1_29' title='bbox 777 427 841 475; x_wconf 89' lang='lat' dir='ltr'>sit,</span> <span class='ocrx_word' id='word_1_30' title='bbox 867 440 954 464; x_wconf 88' lang='lat' dir='ltr'>esse</span> <span class='ocrx_word' id='word_1_31' title='bbox 983 440 1066 464; x_wconf 91' lang='lat' dir='ltr'>non</span> <span class='ocrx_word' id='word_1_32' title='bbox 1096 426 1225 475; x_wconf 87' lang='lat' dir='ltr'>possit</span> <span class='ocrx_word' id='word_1_33' title='bbox 1254 425 1469 463; x_wconf 81' lang='lat' dir='ltr'>incertum.</span> 
     </span>
    </p>

    <p class='ocr_par' dir='ltr' id='par_1_5' title="bbox 324 489 1594 1772">
     <span class='ocr_line' id='line_1_8' title="bbox 391 489 1588 535; baseline -0.003 -6"><span class='ocrx_word' id='word_1_34' title='bbox 391 491 502 529; x_wconf 90' lang='lat' dir='ltr'>Obiit</span> <span class='ocrx_word' id='word_1_35' title='bbox 523 493 662 529; x_wconf 88' lang='lat' dir='ltr'>autem</span> <span class='ocrx_word' id='word_1_36' title='bbox 684 492 844 530; x_wconf 86' lang='lat' dir='ltr'>Ceadda</span> <span class='ocrx_word' id='word_1_37' title='bbox 869 495 983 530; x_wconf 80' lang='lat' dir='ltr'>sexto</span> <span class='ocrx_word' id='word_1_38' title='bbox 1012 492 1078 530; x_wconf 89' lang='lat' dir='ltr'>die</span> <span class='ocrx_word' id='word_1_39' title='bbox 1106 491 1319 529; x_wconf 83' lang='lat' dir='ltr'><strong>Nonarum</strong></span> <span class='ocrx_word' id='word_1_40' title='bbox 1338 489 1588 535; x_wconf 80' lang='lat' dir='ltr'>Martiarum,</span> 
     </span>
     <span class='ocr_line' id='line_1_9' title="bbox 334 555 1593 606; baseline -0.001 -13"><span class='ocrx_word' id='word_1_41' title='bbox 334 557 375 593; x_wconf 89' lang='lat' dir='ltr'>et</span> <span class='ocrx_word' id='word_1_42' title='bbox 404 556 591 605; x_wconf 89' lang='lat' dir='ltr'>sepultus</span> <span class='ocrx_word' id='word_1_43' title='bbox 620 559 682 595; x_wconf 89' lang='lat' dir='ltr'>est</span> <span class='ocrx_word' id='word_1_44' title='bbox 711 558 846 606; x_wconf 87' lang='lat' dir='ltr'>primo</span> <span class='ocrx_word' id='word_1_45' title='bbox 876 558 1041 606; x_wconf 87' lang='lat' dir='ltr'>quidem</span> <span class='ocrx_word' id='word_1_46' title='bbox 1062 557 1177 594; x_wconf 83' lang='lat' dir='ltr'>iuxta</span> <span class='ocrx_word' id='word_1_47' title='bbox 1198 555 1410 594; x_wconf 87' lang='lat' dir='ltr'>ecclesiam</span> <span class='ocrx_word' id='word_1_48' title='bbox 1430 557 1593 593; x_wconf 88' lang='lat' dir='ltr'>sanctae</span> 
     </span>
     <span class='ocr_line' id='line_1_10' title="bbox 332 620 1594 671; baseline -0.001 -13"><span class='ocrx_word' id='word_1_49' title='bbox 332 621 513 669; x_wconf 45' lang='lat' dir='ltr'>Mariam</span> <span class='ocrx_word' id='word_1_50' title='bbox 553 622 623 659; x_wconf 88' lang='lat' dir='ltr'>sed</span> <span class='ocrx_word' id='word_1_51' title='bbox 661 624 926 671; x_wconf 89' lang='lat' dir='ltr'>postmodum</span> <span class='ocrx_word' id='word_1_52' title='bbox 966 624 1200 660; x_wconf 86' lang='lat' dir='ltr'>constructa</span> <span class='ocrx_word' id='word_1_53' title='bbox 1237 621 1390 659; x_wconf 84' lang='lat' dir='ltr'>ibidem</span> <span class='ocrx_word' id='word_1_54' title='bbox 1427 620 1594 658; x_wconf 84' lang='lat' dir='ltr'>ecclesia</span> 
     </span>
     <span class='ocr_line' id='line_1_11' title="bbox 333 685 1592 737; baseline -0.001 -14"><span class='ocrx_word' id='word_1_55' title='bbox 333 685 562 724; x_wconf 74' lang='lat' dir='ltr'>beatissimi</span> <span class='ocrx_word' id='word_1_56' title='bbox 577 688 856 736; x_wconf 88' lang='lat' dir='ltr'>apostolorum</span> <span class='ocrx_word' id='word_1_57' title='bbox 876 688 1073 737; x_wconf 86' lang='lat' dir='ltr'>principis</span> <span class='ocrx_word' id='word_1_58' title='bbox 1093 687 1217 735; x_wconf 86' lang='lat' dir='ltr'>Petri,</span> <span class='ocrx_word' id='word_1_59' title='bbox 1238 688 1282 724; x_wconf 91' lang='lat' dir='ltr'>in</span> <span class='ocrx_word' id='word_1_60' title='bbox 1303 687 1474 724; x_wconf 84' lang='lat' dir='ltr'>eandem</span> <span class='ocrx_word' id='word_1_61' title='bbox 1494 687 1592 723; x_wconf 89' lang='lat' dir='ltr'>sunt</span> 
     </span>
     <span class='ocr_line' id='line_1_12' title="bbox 334 751 1591 802; baseline -0.001 -13"><span class='ocrx_word' id='word_1_62' title='bbox 334 751 421 789; x_wconf 88' lang='lat' dir='ltr'>eius</span> <span class='ocrx_word' id='word_1_63' title='bbox 448 765 537 790; x_wconf 88' lang='lat' dir='ltr'>ossa</span> <span class='ocrx_word' id='word_1_64' title='bbox 562 753 768 792; x_wconf 85' lang='lat' dir='ltr'>translata.</span> <span class='ocrx_word' id='word_1_65' title='bbox 831 754 883 791; x_wconf 88' lang='lat' dir='ltr'>In</span> <span class='ocrx_word' id='word_1_66' title='bbox 905 767 984 802; x_wconf 88' lang='lat' dir='ltr'>quo</span> <span class='ocrx_word' id='word_1_67' title='bbox 1005 756 1178 802; x_wconf 85' lang='lat' dir='ltr'>utroque</span> <span class='ocrx_word' id='word_1_68' title='bbox 1198 753 1296 800; x_wconf 83' lang='lat' dir='ltr'>loco,</span> <span class='ocrx_word' id='word_1_69' title='bbox 1320 753 1370 790; x_wconf 87' lang='lat' dir='ltr'>ad</span> <span class='ocrx_word' id='word_1_70' title='bbox 1390 751 1591 789; x_wconf 86' lang='lat' dir='ltr'>indicium</span> 
     </span>
     <span class='ocr_line' id='line_1_13' title="bbox 332 817 1586 866; baseline 0 -12"><span class='ocrx_word' id='word_1_71' title='bbox 332 817 501 855; x_wconf 84' lang='lat' dir='ltr'>uirtutis</span> <span class='ocrx_word' id='word_1_72' title='bbox 517 818 640 866; x_wconf 85' lang='lat' dir='ltr'>illius,</span> <span class='ocrx_word' id='word_1_73' title='bbox 659 819 793 857; x_wconf 88' lang='lat' dir='ltr'>solent</span> <span class='ocrx_word' id='word_1_74' title='bbox 809 819 946 857; x_wconf 86' lang='lat' dir='ltr'>crebra</span> <span class='ocrx_word' id='word_1_75' title='bbox 962 819 1189 857; x_wconf 81' lang='lat' dir='ltr'>sanitatum</span> <span class='ocrx_word' id='word_1_76' title='bbox 1205 817 1401 856; x_wconf 85' lang='lat' dir='ltr'>miracula</span> <span class='ocrx_word' id='word_1_77' title='bbox 1421 817 1586 866; x_wconf 86' lang='lat' dir='ltr'>operari.</span> 
     </span>
     <span class='ocr_line' id='line_1_14' title="bbox 332 882 1592 933; baseline -0.001 -13"><span class='ocrx_word' id='word_1_78' title='bbox 332 882 521 932; x_wconf 83' lang='lat' dir='ltr'>Denique</span> <span class='ocrx_word' id='word_1_79' title='bbox 560 897 692 933; x_wconf 85' lang='lat' dir='ltr'>nuper</span> <span class='ocrx_word' id='word_1_80' title='bbox 728 884 950 922; x_wconf 70' lang='lat' dir='ltr'>freneticus</span> <span class='ocrx_word' id='word_1_81' title='bbox 988 885 1166 933; x_wconf 78' lang='lat' dir='ltr'>quidam,</span> <span class='ocrx_word' id='word_1_82' title='bbox 1202 885 1303 922; x_wconf 90' lang='lat' dir='ltr'>dum</span> <span class='ocrx_word' id='word_1_83' title='bbox 1335 896 1408 932; x_wconf 90' lang='lat' dir='ltr'>per</span> <span class='ocrx_word' id='word_1_84' title='bbox 1445 884 1592 920; x_wconf 86' lang='lat' dir='ltr'>cuncta</span> 
     </span>
     <span class='ocr_line' id='line_1_15' title="bbox 330 947 1591 999; baseline 0 -14"><span class='ocrx_word' id='word_1_85' title='bbox 330 949 503 986; x_wconf 86' lang='lat' dir='ltr'>errando</span> <span class='ocrx_word' id='word_1_86' title='bbox 533 949 788 997; x_wconf 70' lang='lat' dir='ltr'>discurreret,</span> <span class='ocrx_word' id='word_1_87' title='bbox 823 950 992 988; x_wconf 90' lang='lat' dir='ltr'>deuenit</span> <span class='ocrx_word' id='word_1_88' title='bbox 1022 950 1079 987; x_wconf 92' lang='lat' dir='ltr'>ibi</span> <span class='ocrx_word' id='word_1_89' title='bbox 1108 962 1287 999; x_wconf 87' lang='lat' dir='ltr'>uespere,</span> <span class='ocrx_word' id='word_1_90' title='bbox 1312 947 1591 986; x_wconf 76' lang='lat' dir='ltr'>nescientibus</span> 
     </span>
     <span class='ocr_line' id='line_1_16' title="bbox 329 1013 1590 1061; baseline -0.002 -10"><span class='ocrx_word' id='word_1_91' title='bbox 329 1013 416 1051; x_wconf 89' lang='lat' dir='ltr'>siue</span> <span class='ocrx_word' id='word_1_92' title='bbox 446 1027 530 1051; x_wconf 91' lang='lat' dir='ltr'>non</span> <span class='ocrx_word' id='word_1_93' title='bbox 560 1015 799 1053; x_wconf 85' lang='lat' dir='ltr'>curantibus</span> <span class='ocrx_word' id='word_1_94' title='bbox 828 1015 907 1053; x_wconf 86' lang='lat' dir='ltr'>loci</span> <span class='ocrx_word' id='word_1_95' title='bbox 937 1015 1185 1061; x_wconf 74' lang='lat' dir='ltr'>custodibus,</span> <span class='ocrx_word' id='word_1_96' title='bbox 1212 1016 1250 1052; x_wconf 90' lang='lat' dir='ltr'>et</span> <span class='ocrx_word' id='word_1_97' title='bbox 1274 1014 1332 1052; x_wconf 91' lang='lat' dir='ltr'>ibi</span> <span class='ocrx_word' id='word_1_98' title='bbox 1359 1016 1445 1051; x_wconf 87' lang='lat' dir='ltr'>tota</span> <span class='ocrx_word' id='word_1_99' title='bbox 1470 1015 1590 1050; x_wconf 88' lang='lat' dir='ltr'>nocte</span> 
     </span>
     <span class='ocr_line' id='line_1_17' title="bbox 329 1078 1590 1130; baseline -0.001 -14"><span class='ocrx_word' id='word_1_100' title='bbox 329 1079 597 1128; x_wconf 86' lang='lat' dir='ltr'>requiescens,</span> <span class='ocrx_word' id='word_1_101' title='bbox 629 1093 752 1118; x_wconf 86' lang='lat' dir='ltr'>mane</span> <span class='ocrx_word' id='word_1_102' title='bbox 783 1082 925 1119; x_wconf 85' lang='lat' dir='ltr'>sanato</span> <span class='ocrx_word' id='word_1_103' title='bbox 955 1094 1078 1118; x_wconf 88' lang='lat' dir='ltr'>sensu</span> <span class='ocrx_word' id='word_1_104' title='bbox 1108 1093 1304 1130; x_wconf 87' lang='lat' dir='ltr'>egressus,</span> <span class='ocrx_word' id='word_1_105' title='bbox 1341 1078 1590 1116; x_wconf 86' lang='lat' dir='ltr'>mirantibus</span> 
     </span>
     <span class='ocr_line' id='line_1_18' title="bbox 329 1143 1589 1195; baseline -0.001 -13"><span class='ocrx_word' id='word_1_106' title='bbox 329 1147 370 1182; x_wconf 91' lang='lat' dir='ltr'>et</span> <span class='ocrx_word' id='word_1_107' title='bbox 417 1145 690 1194; x_wconf 83' lang='lat' dir='ltr'>gaudentibus</span> <span class='ocrx_word' id='word_1_108' title='bbox 734 1146 901 1194; x_wconf 87' lang='lat' dir='ltr'>cunctis,</span> <span class='ocrx_word' id='word_1_109' title='bbox 945 1147 1043 1195; x_wconf 90' lang='lat' dir='ltr'>quid</span> <span class='ocrx_word' id='word_1_110' title='bbox 1086 1146 1144 1184; x_wconf 87' lang='lat' dir='ltr'>ibi</span> <span class='ocrx_word' id='word_1_111' title='bbox 1181 1145 1371 1183; x_wconf 86' lang='lat' dir='ltr'>sanitatis</span> <span class='ocrx_word' id='word_1_112' title='bbox 1410 1143 1589 1182; x_wconf 89' lang='lat' dir='ltr'>Domino</span> 
     </span>
     <span class='ocr_line' id='line_1_19' title="bbox 328 1209 1588 1260; baseline 0.002 -14"><span class='ocrx_word' id='word_1_113' title='bbox 328 1209 527 1259; x_wconf 81' lang='lat' dir='ltr'>largiente</span> <span class='ocrx_word' id='word_1_114' title='bbox 565 1214 890 1260; x_wconf 77' lang='lat' dir='ltr'>consequeretur,</span> <span class='ocrx_word' id='word_1_115' title='bbox 935 1212 1125 1249; x_wconf 81' lang='lat' dir='ltr'>ostendit.</span> <span class='ocrx_word' id='word_1_116' title='bbox 1187 1211 1262 1249; x_wconf 88' lang='lat' dir='ltr'>Est</span> <span class='ocrx_word' id='word_1_117' title='bbox 1300 1213 1437 1249; x_wconf 88' lang='lat' dir='ltr'>autem</span> <span class='ocrx_word' id='word_1_118' title='bbox 1475 1210 1588 1248; x_wconf 90' lang='lat' dir='ltr'>locus</span> 
     </span>
     <span class='ocr_line' id='line_1_20' title="bbox 327 1274 1588 1326; baseline 0.001 -14"><span class='ocrx_word' id='word_1_119' title='bbox 327 1274 438 1313; x_wconf 87' lang='lat' dir='ltr'>idem</span> <span class='ocrx_word' id='word_1_120' title='bbox 473 1276 679 1325; x_wconf 81' lang='lat' dir='ltr'>sepulchri</span> <span class='ocrx_word' id='word_1_121' title='bbox 712 1277 855 1315; x_wconf 87' lang='lat' dir='ltr'>tumba</span> <span class='ocrx_word' id='word_1_122' title='bbox 892 1277 1026 1326; x_wconf 89' lang='lat' dir='ltr'>lignea</span> <span class='ocrx_word' id='word_1_123' title='bbox 1060 1277 1103 1314; x_wconf 93' lang='lat' dir='ltr'>in</span> <span class='ocrx_word' id='word_1_124' title='bbox 1138 1277 1308 1314; x_wconf 90' lang='lat' dir='ltr'>modum</span> <span class='ocrx_word' id='word_1_125' title='bbox 1347 1275 1588 1314; x_wconf 89' lang='lat' dir='ltr'>domunculi</span> 
     </span>
     <span class='ocr_line' id='line_1_21' title="bbox 327 1341 1587 1391; baseline 0.002 -14"><span class='ocrx_word' id='word_1_126' title='bbox 327 1341 432 1378; x_wconf 87' lang='lat' dir='ltr'>facta</span> <span class='ocrx_word' id='word_1_127' title='bbox 452 1344 679 1390; x_wconf 85' lang='lat' dir='ltr'>coopertus,</span> <span class='ocrx_word' id='word_1_128' title='bbox 709 1342 887 1380; x_wconf 81' lang='lat' dir='ltr'>habente</span> <span class='ocrx_word' id='word_1_129' title='bbox 914 1343 1100 1380; x_wconf 84' lang='lat' dir='ltr'>foramen</span> <span class='ocrx_word' id='word_1_130' title='bbox 1127 1343 1170 1380; x_wconf 91' lang='lat' dir='ltr'>in</span> <span class='ocrx_word' id='word_1_131' title='bbox 1197 1343 1362 1391; x_wconf 86' lang='lat' dir='ltr'>pariete,</span> <span class='ocrx_word' id='word_1_132' title='bbox 1387 1356 1460 1391; x_wconf 88' lang='lat' dir='ltr'>per</span> <span class='ocrx_word' id='word_1_133' title='bbox 1479 1342 1587 1391; x_wconf 87' lang='lat' dir='ltr'>quod</span> 
     </span>
     <span class='ocr_line' id='line_1_22' title="bbox 328 1407 1586 1456; baseline 0.002 -13"><span class='ocrx_word' id='word_1_134' title='bbox 328 1407 461 1445; x_wconf 91' lang='lat' dir='ltr'>solent</span> <span class='ocrx_word' id='word_1_135' title='bbox 482 1407 536 1455; x_wconf 82' lang='lat' dir='ltr'>hi,</span> <span class='ocrx_word' id='word_1_136' title='bbox 562 1407 632 1456; x_wconf 88' lang='lat' dir='ltr'>qui</span> <span class='ocrx_word' id='word_1_137' title='bbox 652 1421 772 1446; x_wconf 85' lang='lat' dir='ltr'>causa</span> <span class='ocrx_word' id='word_1_138' title='bbox 793 1409 1025 1446; x_wconf 82' lang='lat' dir='ltr'>deuotionis</span> <span class='ocrx_word' id='word_1_139' title='bbox 1049 1409 1121 1446; x_wconf 90' lang='lat' dir='ltr'>illo</span> <span class='ocrx_word' id='word_1_140' title='bbox 1147 1408 1387 1455; x_wconf 88' lang='lat' dir='ltr'>adueniunt,</span> <span class='ocrx_word' id='word_1_141' title='bbox 1413 1421 1586 1446; x_wconf 90' lang='lat' dir='ltr'>manum</span> 
     </span>
     <span class='ocr_line' id='line_1_23' title="bbox 327 1472 1584 1524; baseline 0.002 -15"><span class='ocrx_word' id='word_1_142' title='bbox 327 1484 445 1510; x_wconf 87' lang='lat' dir='ltr'>suam</span> <span class='ocrx_word' id='word_1_143' title='bbox 475 1472 699 1521; x_wconf 77' lang='lat' dir='ltr'>inmittere,</span> <span class='ocrx_word' id='word_1_144' title='bbox 734 1487 779 1511; x_wconf 89' lang='lat' dir='ltr'>ac</span> <span class='ocrx_word' id='word_1_145' title='bbox 809 1476 968 1523; x_wconf 86' lang='lat' dir='ltr'>partem</span> <span class='ocrx_word' id='word_1_146' title='bbox 1001 1474 1185 1524; x_wconf 88' lang='lat' dir='ltr'>pulueris</span> <span class='ocrx_word' id='word_1_147' title='bbox 1214 1474 1310 1512; x_wconf 89' lang='lat' dir='ltr'>inde</span> <span class='ocrx_word' id='word_1_148' title='bbox 1342 1474 1584 1521; x_wconf 87' lang='lat' dir='ltr'>adsumere;</span> 
     </span>
     <span class='ocr_line' id='line_1_24' title="bbox 326 1538 1585 1588; baseline 0.002 -13"><span class='ocrx_word' id='word_1_149' title='bbox 326 1550 451 1586; x_wconf 89' lang='lat' dir='ltr'>quam</span> <span class='ocrx_word' id='word_1_150' title='bbox 471 1551 565 1575; x_wconf 89' lang='lat' dir='ltr'>cum</span> <span class='ocrx_word' id='word_1_151' title='bbox 584 1538 628 1576; x_wconf 91' lang='lat' dir='ltr'>in</span> <span class='ocrx_word' id='word_1_152' title='bbox 649 1552 774 1588; x_wconf 83' lang='lat' dir='ltr'>aquas</span> <span class='ocrx_word' id='word_1_153' title='bbox 794 1540 984 1577; x_wconf 89' lang='lat' dir='ltr'>miserint</span> <span class='ocrx_word' id='word_1_154' title='bbox 999 1539 1020 1586; x_wconf 83' lang='lat'>¹,</span> <span class='ocrx_word' id='word_1_155' title='bbox 1040 1541 1162 1588; x_wconf 89' lang='lat' dir='ltr'>atque</span> <span class='ocrx_word' id='word_1_156' title='bbox 1183 1540 1256 1577; x_wconf 87' lang='lat' dir='ltr'>has</span> <span class='ocrx_word' id='word_1_157' title='bbox 1276 1539 1585 1577; x_wconf 88' lang='lat' dir='ltr'>infirmantibus</span> 
     </span>
     <span class='ocr_line' id='line_1_25' title="bbox 324 1602 1585 1655; baseline 0.002 -15"><span class='ocrx_word' id='word_1_158' title='bbox 324 1602 524 1641; x_wconf 88' lang='lat' dir='ltr'>iumentis</span> <span class='ocrx_word' id='word_1_159' title='bbox 563 1604 650 1642; x_wconf 82' lang='lat' dir='ltr'>siue</span> <span class='ocrx_word' id='word_1_160' title='bbox 688 1605 930 1643; x_wconf 80' lang='lat' dir='ltr'>hominibus</span> <span class='ocrx_word' id='word_1_161' title='bbox 963 1606 1186 1655; x_wconf 83' lang='lat' dir='ltr'>gustandas</span> <span class='ocrx_word' id='word_1_162' title='bbox 1225 1605 1413 1644; x_wconf 89' lang='lat' dir='ltr'>dederint</span> <span class='ocrx_word' id='word_1_163' title='bbox 1427 1606 1450 1653; x_wconf 80' lang='lat'>²,</span> <span class='ocrx_word' id='word_1_164' title='bbox 1488 1618 1585 1643; x_wconf 86' lang='lat' dir='ltr'>mox</span> 
     </span>
     <span class='ocr_line' id='line_1_26' title="bbox 324 1668 1584 1720; baseline 0.002 -15"><span class='ocrx_word' id='word_1_165' title='bbox 324 1668 582 1707; x_wconf 80' lang='lat' dir='ltr'>infirmitatis</span> <span class='ocrx_word' id='word_1_166' title='bbox 611 1669 770 1708; x_wconf 83' lang='lat' dir='ltr'>ablata3</span> <span class='ocrx_word' id='word_1_167' title='bbox 791 1670 987 1719; x_wconf 87' lang='lat' dir='ltr'>molestia,</span> <span class='ocrx_word' id='word_1_168' title='bbox 1013 1671 1171 1720; x_wconf 89' lang='lat' dir='ltr'>cupitae</span> <span class='ocrx_word' id='word_1_169' title='bbox 1200 1671 1408 1720; x_wconf 83' lang='lat' dir='ltr'>sospitatis</span> <span class='ocrx_word' id='word_1_170' title='bbox 1438 1670 1584 1720; x_wconf 86' lang='lat' dir='ltr'>gaudia</span> 
     </span>
     <span class='ocr_line' id='line_1_27' title="bbox 324 1733 529 1772; baseline 0.01 -2"><span class='ocrx_word' id='word_1_171' title='bbox 324 1733 529 1772; x_wconf 87' lang='lat' dir='ltr'>redibunt.</span> 
     </span>
    </p>

    <p class='ocr_par' dir='ltr' id='par_1_6' title="bbox 321 1799 1582 2308">
     <span class='ocr_line' id='line_1_28' title="bbox 379 1799 1577 1851; baseline 0.001 -14"><span class='ocrx_word' id='word_1_172' title='bbox 379 1799 431 1837; x_wconf 88' lang='lat' dir='ltr'>In</span> <span class='ocrx_word' id='word_1_173' title='bbox 470 1799 586 1838; x_wconf 91' lang='lat' dir='ltr'>cuius</span> <span class='ocrx_word' id='word_1_174' title='bbox 624 1800 761 1838; x_wconf 88' lang='lat' dir='ltr'>locum</span> <span class='ocrx_word' id='word_1_175' title='bbox 799 1801 1004 1839; x_wconf 88' lang='lat' dir='ltr'>ordinauit</span> <span class='ocrx_word' id='word_1_176' title='bbox 1041 1801 1278 1839; x_wconf 86' lang='lat' dir='ltr'>Theodorus</span> <span class='ocrx_word' id='word_1_177' title='bbox 1312 1801 1577 1851; x_wconf 82' lang='lat' dir='ltr'>Uynfridum,</span> 
     </span>
     <span class='ocr_line' id='line_1_29' title="bbox 324 1865 1582 1916; baseline 0.002 -15"><span class='ocrx_word' id='word_1_178' title='bbox 324 1865 463 1902; x_wconf 87' lang='lat' dir='ltr'>uirum</span> <span class='ocrx_word' id='word_1_179' title='bbox 489 1865 646 1904; x_wconf 90' lang='lat' dir='ltr'>bonum</span> <span class='ocrx_word' id='word_1_180' title='bbox 677 1879 722 1904; x_wconf 87' lang='lat' dir='ltr'>ac</span> <span class='ocrx_word' id='word_1_181' title='bbox 753 1867 998 1915; x_wconf 88' lang='lat' dir='ltr'>modestum,</span> <span class='ocrx_word' id='word_1_182' title='bbox 1032 1867 1112 1916; x_wconf 84' lang='lat' dir='ltr'>qui,</span> <span class='ocrx_word' id='word_1_183' title='bbox 1147 1867 1251 1905; x_wconf 88' lang='lat' dir='ltr'>sicut</span> <span class='ocrx_word' id='word_1_184' title='bbox 1280 1867 1582 1916; x_wconf 83' lang='lat' dir='ltr'>prodecessores</span> 
     </span>
     <span class='ocr_line' id='line_1_30' title="bbox 323 1930 1581 1980; baseline 0.002 -13"><span class='ocrx_word' id='word_1_185' title='bbox 323 1930 421 1977; x_wconf 88' lang='lat' dir='ltr'>eius,</span> <span class='ocrx_word' id='word_1_186' title='bbox 458 1931 683 1980; x_wconf 88' lang='lat' dir='ltr'>prouinciis</span> <span class='ocrx_word' id='word_1_187' title='bbox 717 1932 962 1970; x_wconf 84' lang='lat' dir='ltr'>Merciorum</span> <span class='ocrx_word' id='word_1_188' title='bbox 1001 1935 1041 1970; x_wconf 93' lang='lat' dir='ltr'>et</span> <span class='ocrx_word' id='word_1_189' title='bbox 1072 1933 1465 1970; x_wconf 87' lang='lat' dir='ltr'>Mediterraneorum</span> <span class='ocrx_word' id='word_1_190' title='bbox 1498 1933 1581 1970; x_wconf 88' lang='lat' dir='ltr'>An-</span> 
     </span>
     <span class='ocr_line' id='line_1_31' title="bbox 322 1995 1578 2047; baseline 0.002 -15"><span class='ocrx_word' id='word_1_191' title='bbox 322 1995 485 2044; x_wconf 87' lang='lat' dir='ltr'>glorum</span> <span class='ocrx_word' id='word_1_192' title='bbox 506 1998 546 2034; x_wconf 91' lang='lat' dir='ltr'>et</span> <span class='ocrx_word' id='word_1_193' title='bbox 567 1997 899 2036; x_wconf 87' lang='lat' dir='ltr'>Lindisfarorum</span> <span class='ocrx_word' id='word_1_194' title='bbox 919 1998 1177 2047; x_wconf 84' lang='lat' dir='ltr'>episcopatus</span> <span class='ocrx_word' id='word_1_195' title='bbox 1198 1998 1328 2036; x_wconf 84' lang='lat' dir='ltr'>officio</span> <span class='ocrx_word' id='word_1_196' title='bbox 1354 2000 1558 2047; x_wconf 84' lang='lat' dir='ltr'>praeesset</span> <span class='ocrx_word' id='word_1_197' title='bbox 1570 2010 1578 2042; x_wconf 82' lang='lat'><em>3</em></span> 
     </span>
     <span class='ocr_line' id='line_1_32' title="bbox 322 2061 1575 2113; baseline 0.002 -14"><span class='ocrx_word' id='word_1_198' title='bbox 322 2061 367 2099; x_wconf 90' lang='lat' dir='ltr'>in</span> <span class='ocrx_word' id='word_1_199' title='bbox 410 2062 559 2111; x_wconf 86' lang='lat' dir='ltr'>quibus</span> <span class='ocrx_word' id='word_1_200' title='bbox 599 2063 758 2102; x_wconf 87' lang='lat' dir='ltr'>cunctis</span> <span class='ocrx_word' id='word_1_201' title='bbox 797 2064 992 2102; x_wconf 83' lang='lat' dir='ltr'>Uulfheri</span> <span class='ocrx_word' id='word_1_202' title='bbox 1007 2064 1031 2111; x_wconf 72' lang='lat'>⁴,</span> <span class='ocrx_word' id='word_1_203' title='bbox 1074 2064 1143 2113; x_wconf 83' lang='lat' dir='ltr'>qui</span> <span class='ocrx_word' id='word_1_204' title='bbox 1186 2064 1318 2101; x_wconf 86' lang='lat' dir='ltr'>adhuc</span> <span class='ocrx_word' id='word_1_205' title='bbox 1357 2065 1575 2112; x_wconf 84' lang='lat' dir='ltr'>supererat,</span> 
     </span>
     <span class='ocr_line' id='line_1_33' title="bbox 321 2128 1580 2178; baseline 0.002 -14"><span class='ocrx_word' id='word_1_206' title='bbox 321 2129 528 2176; x_wconf 86' lang='lat' dir='ltr'>sceptrum</span> <span class='ocrx_word' id='word_1_207' title='bbox 545 2128 557 2147; x_wconf 78' lang='lat'>⁵</span> <span class='ocrx_word' id='word_1_208' title='bbox 596 2128 711 2178; x_wconf 89' lang='lat' dir='ltr'>regni</span> <span class='ocrx_word' id='word_1_209' title='bbox 749 2129 924 2167; x_wconf 88' lang='lat' dir='ltr'>tenebat.</span> <span class='ocrx_word' id='word_1_210' title='bbox 996 2129 1096 2166; x_wconf 89' lang='lat' dir='ltr'>Erat</span> <span class='ocrx_word' id='word_1_211' title='bbox 1134 2131 1273 2167; x_wconf 87' lang='lat' dir='ltr'>autem</span> <span class='ocrx_word' id='word_1_212' title='bbox 1312 2129 1493 2178; x_wconf 81' lang='lat' dir='ltr'>Uynfrid</span> <span class='ocrx_word' id='word_1_213' title='bbox 1531 2129 1580 2166; x_wconf 91' lang='lat' dir='ltr'>de</span> 
     </span>
     <span class='ocr_line' id='line_1_34' title="bbox 322 2191 1582 2242; baseline 0.002 -14"><span class='ocrx_word' id='word_1_214' title='bbox 322 2191 428 2229; x_wconf 92' lang='lat' dir='ltr'>clero</span> <span class='ocrx_word' id='word_1_215' title='bbox 458 2192 556 2239; x_wconf 88' lang='lat' dir='ltr'>eius,</span> <span class='ocrx_word' id='word_1_216' title='bbox 596 2193 661 2230; x_wconf 89' lang='lat' dir='ltr'>cui</span> <span class='ocrx_word' id='word_1_217' title='bbox 692 2193 779 2242; x_wconf 87' lang='lat' dir='ltr'>ipse</span> <span class='ocrx_word' id='word_1_218' title='bbox 814 2195 1070 2241; x_wconf 83' lang='lat' dir='ltr'>successerat,</span> <span class='ocrx_word' id='word_1_219' title='bbox 1105 2193 1305 2231; x_wconf 87' lang='lat' dir='ltr'>antistitis</span> <span class='ocrx_word' id='word_1_220' title='bbox 1320 2195 1341 2241; x_wconf 71' lang='lat'>⁶,</span> <span class='ocrx_word' id='word_1_221' title='bbox 1381 2195 1420 2231; x_wconf 89' lang='lat' dir='ltr'>et</span> <span class='ocrx_word' id='word_1_222' title='bbox 1455 2193 1582 2231; x_wconf 82' lang='lat' dir='ltr'>diaeo-</span> 
     </span>
     <span class='ocr_line' id='line_1_35' title="bbox 321 2257 1491 2308; baseline 0.001 -13"><span class='ocrx_word' id='word_1_223' title='bbox 321 2259 443 2295; x_wconf 76' lang='lat' dir='ltr'>natus</span> <span class='ocrx_word' id='word_1_224' title='bbox 463 2257 592 2295; x_wconf 85' lang='lat' dir='ltr'>officio</span> <span class='ocrx_word' id='word_1_225' title='bbox 613 2258 688 2296; x_wconf 91' lang='lat' dir='ltr'>sub</span> <span class='ocrx_word' id='word_1_226' title='bbox 710 2271 756 2296; x_wconf 93' lang='lat' dir='ltr'>eo</span> <span class='ocrx_word' id='word_1_227' title='bbox 776 2272 860 2296; x_wconf 88' lang='lat' dir='ltr'>non</span> <span class='ocrx_word' id='word_1_228' title='bbox 880 2271 1008 2308; x_wconf 86' lang='lat' dir='ltr'>pauco</span> <span class='ocrx_word' id='word_1_229' title='bbox 1028 2260 1212 2307; x_wconf 88' lang='lat' dir='ltr'>tempore</span> <span class='ocrx_word' id='word_1_230' title='bbox 1232 2258 1491 2308; x_wconf 86' lang='lat' dir='ltr'>fungebatur.</span> 
     </span>
    </p>
   </div>
   <div class='ocr_carea' id='block_1_5' title="bbox 319 2371 1576 2509">
    <p class='ocr_par' dir='ltr' id='par_1_7' title="bbox 319 2371 1576 2509">
     <span class='ocr_line' id='line_1_36' title="bbox 372 2371 1575 2414; baseline 0.002 -12"><span class='ocrx_word' id='word_1_231' title='bbox 372 2371 383 2390; x_wconf 86' lang='lat'>¹</span> <span class='ocrx_word' id='word_1_232' title='bbox 406 2374 507 2403; x_wconf 90' lang='lat' dir='ltr'>-runt</span> <span class='ocrx_word' id='word_1_233' title='bbox 524 2373 561 2404; x_wconf 86' lang='lat' dir='ltr'>C.</span> <span class='ocrx_word' id='word_1_234' title='bbox 730 2372 741 2389; x_wconf 81' lang='lat'><strong>²</strong></span> <span class='ocrx_word' id='word_1_235' title='bbox 764 2376 863 2404; x_wconf 89' lang='lat' dir='ltr'>-runt</span> <span class='ocrx_word' id='word_1_236' title='bbox 882 2374 907 2404; x_wconf 82' lang='lat' dir='ltr'>O</span> <span class='ocrx_word' id='word_1_237' title='bbox 923 2384 930 2412; x_wconf 92' lang='grc'><strong>;</strong></span> <span class='ocrx_word' id='word_1_238' title='bbox 955 2373 1129 2414; x_wconf 88' lang='lat' dir='ltr'>dedirent,</span> <span class='ocrx_word' id='word_1_239' title='bbox 1149 2377 1257 2405; x_wconf 74' lang='lat' dir='ltr'>altered</span> <span class='ocrx_word' id='word_1_240' title='bbox 1276 2378 1335 2404; x_wconf 79' lang='lat' dir='ltr'>into</span> <span class='ocrx_word' id='word_1_241' title='bbox 1352 2374 1511 2405; x_wconf 86' lang='lat' dir='ltr'>dedirint</span> <span class='ocrx_word' id='word_1_242' title='bbox 1530 2375 1575 2405; x_wconf 91' lang='lat' dir='ltr'>M.</span> 
     </span>
     <span class='ocr_line' id='line_1_37' title="bbox 320 2424 1576 2466; baseline 0.003 -12"><span class='ocrx_word' id='word_1_243' title='bbox 320 2424 331 2442; x_wconf 81' lang='lat'>³</span> <span class='ocrx_word' id='word_1_244' title='bbox 356 2425 471 2455; x_wconf 85' lang='lat' dir='ltr'>oblata</span> <span class='ocrx_word' id='word_1_245' title='bbox 489 2424 538 2456; x_wconf 69' lang='lat'>(3¹.</span> <span class='ocrx_word' id='word_1_246' title='bbox 556 2424 608 2457; x_wconf 77' lang='lat'>13¹.</span> <span class='ocrx_word' id='word_1_247' title='bbox 684 2424 695 2443; x_wconf 78' lang='lat'><strong>⁴</strong></span> <span class='ocrx_word' id='word_1_248' title='bbox 718 2436 769 2456; x_wconf 92' lang='lat' dir='ltr'>-re</span> <span class='ocrx_word' id='word_1_249' title='bbox 787 2425 829 2456; x_wconf 79' lang='lat'>13²</span> <span class='ocrx_word' id='word_1_250' title='bbox 845 2437 853 2464; x_wconf 86' lang='lat'>;</span> <span class='ocrx_word' id='word_1_251' title='bbox 876 2426 1008 2456; x_wconf 85' lang='lat' dir='ltr'>uulferi</span> <span class='ocrx_word' id='word_1_252' title='bbox 1025 2427 1067 2458; x_wconf 88' lang='lat' dir='ltr'>N.</span> <span class='ocrx_word' id='word_1_253' title='bbox 1156 2426 1167 2443; x_wconf 83' lang='lat'><strong>⁵</strong></span> <span class='ocrx_word' id='word_1_254' title='bbox 1191 2428 1329 2466; x_wconf 87' lang='lat' dir='ltr'>septum</span> <span class='ocrx_word' id='word_1_255' title='bbox 1347 2427 1393 2458; x_wconf 90' lang='lat' dir='ltr'>M.</span> <span class='ocrx_word' id='word_1_256' title='bbox 1482 2426 1494 2443; x_wconf 80' lang='lat'><strong>⁶</strong></span> <span class='ocrx_word' id='word_1_257' title='bbox 1516 2437 1576 2458; x_wconf 82' lang='lat' dir='ltr'>an-</span> 
     </span>
     <span class='ocr_line' id='line_1_38' title="bbox 319 2477 475 2509; baseline -0.006 0"><span class='ocrx_word' id='word_1_258' title='bbox 319 2478 418 2509; x_wconf 80' lang='lat' dir='ltr'>tistis</span> <span class='ocrx_word' id='word_1_259' title='bbox 434 2477 475 2508; x_wconf 90' lang='lat' dir='ltr'>B.</span> 
     </span>
    </p>
   </div>
   <div class='ocr_carea' id='block_1_6' title="bbox 1759 951 1803 2887">
    <p class='ocr_par' dir='ltr' id='par_1_8' title="bbox 1759 951 1803 2887">
     <span class='ocr_line' id='line_1_39' title="bbox 1759 951 1803 2887; baseline 0 0"><span class='ocrx_word' id='word_1_260' title='bbox 1759 951 1803 2887; x_wconf 95' lang='lat' dir='ltr'> </span> 
     </span>
    </p>
   </div>
  </div>
 </body>
</html>
