1803 2887
57 1654 195 1680 Famous

57 1702 131 1720 111011

58 1733 216 1760 ‹ahmated

58 1774 163 1799 under
176 1772 244 1799 her.

279 150 363 189 254
635 146 839 187 Historia
876 144 1181 186 Evclesiastlea
1371 150 1458 190 [Lm.
1479 151 1534 182 1V.

334 266 437 303 Cum
469 277 562 313 ergo
593 263 748 311 aliquot
779 275 909 299 annos
939 262 1035 298 huic
1065 260 1312 298 monasterio
1340 259 1536 308 regularis

281 332 388 369 uitae
426 330 677 368 institutioni
710 328 891 365 multum
922 327 1084 364 intenta
1122 327 1333 374 praeesset,
1365 325 1536 373 contigit

282 410 370 434 eam
403 396 605 444 suscipere
638 394 760 431 etiam
791 393 1113 430 construendum
1143 391 1230 429 siue
1261 390 1536 428 ordinandum

282 462 578 498 monasterium
600 460 642 497 in
663 460 761 506 1000,
782 459 852 508 qui
873 460 1042 495 uocatur
1063 456 1374 495 Streaneshalch
1388 454 1411 503 ¹,
1429 456 1535 503 quod

282 540 383 575 opus
428 526 505 563 sibi
545 526 778 562 iniunctum
818 537 900 561 non
940 523 1121 572 segniter
1166 522 1354 570 inpleuit.
1431 521 1537 557 Nam

283 592 448 639 eisdem,
484 591 634 639 quibus
668 590 781 639 prius
819 589 1126 635 monasterium,
1162 588 1286 625 etiam
1320 587 1395 624 1100
1425 586 1538 624 disci-

282 658 406 706 plinis
440 657 549 694 uitae
585 655 782 705 regularis
819 654 1028 700 instituit;
1059 656 1098 691 et
1132 654 1298 702 quidem
1333 650 1538 689 1111111111112

282 723 340 760 ibi
374 735 536 772 quoque
565 721 756 767 iustitiae,
798 720 971 769 pietatis,
1006 722 1045 757 et
1083 718 1358 764 castimoniae,
1397 719 1539 755 cetera-

280 802 456 837 rumque
487 788 704 834 uirtutum,
730 787 799 824 sed
832 786 1010 823 maxime
1038 785 1149 834 pacis
1179 786 1219 822 et
1248 784 1427 821 caritatis
1456 796 1540 820 cus-

280 854 434 891 todiam
453 853 589 891 docuit
608 867 615 898 ;
645 852 702 890 ita
716 853 763 889 ut
782 852 825 889 in
842 851 1078 900 exemplum
1094 850 1328 899 primitiuae
1349 848 1538 886 ecclesiae

282 920 424 956 nullus
457 919 515 956 ibi
543 919 669 965 diues,
703 918 842 955 nullus
872 919 977 955 esset
1008 929 1141 965 egens,
1174 915 1367 952 omnibus
1401 915 1538 951 essent

283 985 421 1023 omnia
441 984 684 1030 communia,
709 996 803 1020 cum
824 982 931 1020 nihil
957 982 1198 1030 cuiusquam
1225 993 1311 1017 esse
1332 978 1540 1017 uideretur

283 1051 508 1100 proprium.
570 1050 724 1087 Tantae
768 1049 906 1086 autem
950 1050 1035 1085 erat
1072 1047 1160 1095 ipsa
1196 1045 1450 1095 prudentiae,
1494 1046 1540 1081 ut

284 1130 368 1154 non
403 1116 535 1153 solum
571 1115 797 1152 mediocres
831 1113 982 1162 quique
1016 1113 1059 1150 in
1095 1111 1408 1149 necessitatibus
1442 1110 1537 1156 suis,

285 1182 355 1220 sed
395 1181 521 1218 etiam
564 1193 679 1229 reges
721 1193 765 1216 ac
807 1179 1012 1228 principes
1054 1190 1369 1225 nonnumquam
1408 1176 1458 1213 ab
1496 1188 1542 1212 ea

283 1247 503 1285 consilium
548 1246 800 1294 quaererent,
844 1246 884 1281 et
931 1243 1179 1281 inuenirent.
1241 1243 1422 1280 Tantum
1469 1241 1541 1278 100-

284 1313 388 1350 tioni
428 1312 663 1349 diuinarum
702 1309 996 1359 scripturarum
1035 1322 1130 1347 suos
1163 1322 1306 1346 uacare
1339 1307 1536 1351 subditos,

284 1380 449 1416 tantum
471 1376 661 1425 operibus
682 1375 865 1413 iustitiae
889 1388 931 1412 se
958 1388 1141 1412 exercere
1162 1374 1344 1421 faciebat,
1370 1374 1415 1410 ut
1435 1372 1543 1410 sacil-

284 1444 382 1481 lime
402 1443 643 1481 uiderentur
670 1442 836 1488 ibidem,
867 1441 938 1490 qui
952 1441 964 1461 3
986 1439 1304 1477 ecclesiasticum
1321 1440 1332 1457 ⁴
1354 1438 1538 1488 gradum,

284 1510 360 1547 1100
392 1511 454 1546 est
482 1509 622 1546 altaris
653 1507 843 1555 officium,
874 1509 967 1556 apte
997 1506 1193 1552 subirent,
1224 1504 1394 1553 plurimi
1425 1516 1543 1552 posse

284 1574 492 1624 repperiri.

338 1641 527 1689 Denique
556 1639 594 1676 V
623 1652 672 1676 ex
710 1639 853 1676 eodem
882 1637 1130 1675 monasterio
1160 1638 1299 1685 postea
1336 1635 1544 1684 episcopos

285 1706 479 1753 uidimus,
504 1707 544 1742 et
564 1705 639 1742 hos
665 1717 811 1741 omnes
838 1703 1056 1752 singularis
1086 1702 1224 1740 meriti
1246 1715 1290 1739 ac
1315 1700 1543 1738 sanctitatis

285 1772 405 1819 uiros,
431 1784 606 1820 quorum
634 1770 733 1807 haec
760 1771 859 1807 sunt
886 1769 1064 1817 nomina,
1090 1769 1208 1815 Bosa,
1232 1768 1366 1814 Aetla,
1393 1766 1537 1813 Oftfor,

286 1838 505 1883 Iohannes,
530 1838 571 1874 et
591 1836 757 1874 Uilfrid.
819 1835 880 1873 De
906 1835 1039 1884 primo
1064 1847 1185 1882 supra
1212 1832 1402 1877 diximus,
1435 1832 1541 1881 quod

286 1903 483 1940 Eboraeifi
510 1902 634 1939 fuerit
654 1902 913 1939 consecratus
939 1901 1112 1938 antistes
1134 1915 1141 1946 ;
1172 1900 1221 1936 (10
1249 1899 1427 1936 5001111ᾶο
1456 1898 1541 1934 bre-

285 1970 392 2007 uiter
411 1968 701 2010 intimandum,
720 1967 827 2015 quod
848 1967 891 2003 in
913 1966 1189 2015 episcopatum
1207 1965 1515 2002 Dorciccaestrae
1532 1963 1544 1983 ⁶

287 2036 409 2072 fuerit
456 2034 695 2080 ordinatus,
744 2033 794 2069 de
842 2032 1002 2069 ultimis
1046 2031 1153 2068 infra
1201 2030 1422 2068 dicendum
1466 2031 1538 2077 est,

291 2146 292 2149 Ἴ
309 2101 416 2149 quod
434 2113 576 2137 eorum
592 2099 752 2148 primus
773 2097 1119 2147 Hagustaldensis
1135 2097 1158 2144 ⁷,
1181 2096 1383 2134 secundus
1397 2096 1543 2133 Ebora-

286 2166 445 2203 censis⁵
483 2164 672 2202 ecclesiae
705 2164 759 2201 sit
788 2164 999 2201 ordinatus
1033 2163 1258 2211 episcopus.
1317 2162 1377 2198 De
1409 2160 1543 2198 medio

286 2245 395 2269 nunc
431 2231 625 2277 dicamus,
662 2229 767 2278 quia,
807 2242 901 2266 cum
922 2229 965 2265 in
1005 2230 1177 2277 utroque
1212 2227 1390 2265 HildaeS
1428 2226 1544 2264 abba-

285 2297 406 2334 tissae
426 2295 673 2333 monasterio
700 2294 867 2332 lectioni
890 2296 931 2331 et
952 2293 1227 2331 obseruationi
1248 2292 1539 2341 scripturarum

285 2375 448 2411 operam
477 2361 667 2407 dedisset,
693 2361 860 2398 tandem
890 2359 1128 2408 perfectiora
1156 2358 1400 2406 desiderans,
1425 2358 1541 2395 uenit

328 2469 335 2485 ¹
361 2469 462 2498 -halh
481 2468 506 2498 C
524 2479 531 2506 ;
556 2467 842 2498 streanaeshalch
862 2467 901 2496 Β.
921 2466 962 2496 N.
1061 2468 1072 2481 ‘¹'
1096 2466 1210 2495 multa
1227 2466 1265 2496 B.
1330 2464 1341 2482 3
1364 2465 1424 2500 qui
1443 2466 1477 2495 et
1494 2464 1540 2495 M.

283 2522 293 2538 ⁴
316 2521 538 2552 eoelesticum
553 2520 599 2550 M.
759 2519 770 2535 ⁵
793 2520 893 2549 ebur·
911 2519 948 2549 C.
966 2519 1008 2549 N.
1178 2517 1188 2534 ὓ
1212 2518 1337 2559 -cestre
1355 2516 1379 2547 C
1398 2527 1405 2555 3
1430 2517 1540 2547 dorci-

283 2575 406 2616 caestre
425 2573 467 2603 N.
613 2571 623 2587 ⁷
647 2581 703 2611 ag·
721 2572 763 2602 N.
907 2569 918 2586 ⁸
941 2570 1078 2600 hildixe
1095 2570 1137 2600 N.

1561 916 1632 944 Act.
1650 917 1690 945 iv.

1563 965 1670 991 32-34;
1691 957 1731 984 ef-

1563 995 1594 1023 ii·
1612 1004 1714 1030 4145-

1566 2103 1641 2139 ίὶ89
1656 2103 1684 2131 b.
