1803 2887
82 525 271 560 Deposition

80 565 116 591 of
128 565 169 592 W
171 573 228 599 yn-

80 604 146 631 frid
158 614 164 638 ς
186 613 259 631 con-

81 643 243 671 sec-ration
253 643 289 669 of

82 682 233 710 Sexwulf.

83 1170 223 1197 Eareon-

84 1209 286 1243 waldbishop

82 1248 118 1275 of
132 1249 189 1277 the
208 1250 287 1276 East

83 1288 215 1315 Saxons.

84 1327 143 1354 His
157 1328 249 1355 char-

84 1371 182 1394 aeter.

84 2036 133 2063 He
148 2034 267 2062 founds

83 2083 209 2101 monas-

83 2113 181 2141 teries
195 2115 230 2141 at

83 2153 240 2187 Chertsey

85 2193 151 2219 and
167 2193 246 2220 Bar*

85 2232 173 2266 king.

309 159 393 199 218
656 157 862 199 Historia
893 157 1198 199 Ecclesiastica
1401 164 1488 206 [Lm.
1505 169 1561 199 IV.

822 300 942 339 CAP.
974 300 1047 339 VI.

314 393 349 420 Ut
371 392 498 427 deposito
524 387 696 427 Uynfrislo)
721 387 882 427 Soexunlf²
901 391 1104 426 episcopatum
1126 392 1191 419 eins
1214 392 1364 429 acceperit,
1383 392 1408 420 et
1430 391 1564 419 Earcon-

504 444 578 471 uald
592 442 600 456 Α
618 444 821 471 Orientalibus
836 444 1010 471 Saxonibus
1026 444 1064 471 sit
1079 440 1251 478 episcopm&
1266 444 1367 471 datus.

364 517 455 553 NON
493 516 625 554 multo
663 518 755 565 post
788 516 887 554 haec
924 516 1060 565 elapso
1097 518 1291 565 tempore,
1329 515 1509 553 offensus
1542 528 1565 552 a

310 582 516 631 Uynfrido
542 581 790 620 Merciorum
819 583 1004 631 episcopo
1033 595 1105 630 per
1133 582 1326 619 meritum
1353 581 1564 619 cuiusdam

309 648 644 696 inoboedientiae,
666 648 902 685 Theodorus
921 647 1246 696 archiepiscopus
1266 647 1454 696 deposuit
1470 660 1564 684 eum

311 713 361 751 de
404 713 638 761 episcopatu
685 715 777 761 post
818 726 948 750 annos
997 713 1151 762 accepti
1189 713 1443 761 episcopatus
1481 725 1565 749 non

310 778 493 825 inult0s;
541 780 581 816 et
618 779 662 816 in
702 779 788 817 loco
826 779 914 816 eius
958 778 1165 816 ordinauit
1203 778 1437 827 episcopum
1475 778 1567 815 Sex-

310 844 475 881 uulfum
488 843 510 891 5,
530 844 599 893 qui
619 846 703 882 erat
723 846 978 882 constructor
993 846 1033 881 et
1047 844 1171 882 abbas
1191 843 1440 890 monasterii,
1459 842 1566 892 quod

311 909 460 946 dicitur
493 910 872 958 Medeshamstediss,
906 911 949 948 in
978 910 1143 958 regione
1172 909 1432 959 Gyruiorum.
1494 909 1567 946 De-

311 975 469 1023 positus
507 988 602 1013 uero
641 975 820 1025 Uynfrid
859 975 981 1013 rediit
1013 975 1063 1012 ad
1095 975 1391 1012 monasterium
1430 987 1562 1021 suum,

312 1040 419 1088 quod
440 1040 590 1078 dicitur
610 1041 836 1088 Adbaruae,
861 1041 1000 1090 ibique
1021 1041 1064 1078 in
1085 1040 1240 1090 optima
1258 1040 1387 1078 uitam
1408 1052 1568 1077 conuer-

310 1105 468 1144 satione
488 1106 636 1144 finiuit.

366 1172 473 1208 Tum
500 1172 623 1209 etiam
648 1172 924 1210 Orientalibus
954 1171 1193 1219 Saxonibus,
1219 1171 1368 1220 quibus
1394 1183 1440 1208 eo
1469 1172 1567 1208 tem-

311 1250 407 1285 pore
445 1238 710 1285 praefuerunt
745 1237 895 1275 Sebbi⁷
930 1239 970 1275 et
1004 1236 1198 1286 Sigheriss,
1233 1250 1405 1285 quorum
1446 1249 1567 1284 supra

312 1303 591 1350 meminimus,
626 1302 980 1341 Earconualdum⁹
1010 1302 1225 1340 constituit
1259 1303 1493 1351 episcopum
1523 1301 1568 1338 in

313 1368 477 1406 ciuitate
508 1369 749 1416 Lundonia3
780 1369 896 1406 cuius
909 1369 935 1388 ¹⁰
956 1369 1146 1406 uidelicet
1172 1368 1260 1415 uiri,
1285 1370 1325 1405 et
1349 1368 1392 1405 in
1420 1367 1570 1416 episco—

311 1436 420 1482 patu,
455 1436 495 1471 et
523 1436 620 1472 ante
653 1435 941 1485 episcopatum,
975 1435 1060 1472 uita
1088 1435 1128 1471 et
1157 1434 1409 1471 conuersatio
1438 1433 1569 1471 fertur

311 1499 436 1537 fuisse
465 1500 732 1548 sanctissima,
757 1501 862 1538 sicut
892 1501 1016 1538 etiam
1046 1513 1156 1537 nunc
1186 1499 1423 1537 caelestium
1453 1498 1570 1548 signa

312 1565 519 1602 uirtutum
539 1565 689 1603 indicio
710 1568 818 1603 sunt.
879 1566 1048 1603 Etenim
1075 1578 1205 1614 usque
1231 1565 1353 1602 hodie
1372 1564 1569 1602 feretrum

312 1631 399 1668 eius
427 1631 699 1679 caballarium,
725 1644 805 1680 quo
831 1631 1022 1669 infirmus
1051 1631 1146 1668 uehi
1173 1630 1335 1677 solebat,
1361 1631 1570 1667 seruatum

312 1709 335 1733 a
356 1696 567 1745 discipulis
588 1697 684 1744 eius,
710 1696 865 1734 multos
890 1696 1176 1743 febricitantes,
1202 1695 1269 1733 uel
1289 1696 1367 1733 alio
1388 1695 1569 1744 quolibet

311 1762 572 1799 incommodo
598 1759 602 1812 Ι
628 1762 764 1809 fessos,
793 1775 934 1799 sanare
963 1775 1047 1799 non
1078 1761 1249 1799 desistit.
1312 1761 1405 1799 Non
1435 1761 1569 1798 solum

312 1829 450 1864 autem
486 1827 686 1875 subpositi
715 1828 849 1865 eidem
882 1828 1040 1874 feretro,
1074 1827 1141 1864 uel
1172 1826 1346 1875 adpositi
1375 1828 1571 1864 curantur

313 1893 453 1942 egroti,
472 1893 540 1930 sed
557 1894 596 1930 et
617 1892 771 1931 astulae
793 1893 842 1930 de
862 1892 934 1929 illo
949 1893 1156 1939 abscissae,
1174 1894 1296 1941 atque
1311 1892 1360 1930 ad
1382 1892 1570 1930 infirmos

312 1958 468 1996 adlatae
488 1959 611 1995 citam
631 1958 715 1995 illis
735 1958 870 1996 solent
889 1958 1046 1996 adferre
1067 1958 1298 1996 medellam.

367 2023 448 2061 Hic
487 2037 583 2061 sane
629 2024 868 2073 priusquam
906 2025 1117 2072 episcopus
1163 2023 1293 2061 factus
1330 2025 1446 2071 esset,
1489 2023 1570 2060 duo

312 2089 515 2138 praeclara
543 2089 800 2135 monasteria,
832 2103 964 2127 unum
994 2089 1081 2137 sibi,
1114 2089 1289 2127 alterum
1319 2089 1445 2126 sorori
1475 2101 1569 2126 suae

313 2155 589 2204 Aedilburgae
603 2153 626 2171 ¹¹
645 2156 937 2203 construxerat,
956 2155 1061 2204 quod
1079 2156 1301 2204 utrumque
1317 2154 1571 2204 regularibus

314 2221 541 2269 disciplinis
568 2220 721 2269 optime
746 2220 1007 2268 instituerat;
1037 2221 1115 2258 sibi
1144 2221 1310 2268 quidem
1336 2221 1380 2257 in
1408 2220 1571 2269 regione

315 2285 623 2335 Sudergeona¹2‚
647 2287 760 2324 iuxta
788 2286 963 2324 fluuium
990 2284 1285 2333 Tamensem¹³,
1310 2286 1354 2323 in
1380 2285 1478 2333 loco,
1503 2286 1572 2334 qui

358 2370 366 2387 ¹
391 2371 468 2400 uin—
486 2369 529 2401 N.
653 2369 665 2386 ²
688 2380 762 2401 sex·
778 2371 806 2400 B
822 2380 828 2408 3
853 2370 971 2400 saxulf
984 2371 1021 2401 C.
1145 2370 1156 2387 ³
1179 2380 1250 2400 erc·
1268 2370 1293 2401 C
1418 2368 1428 2385 ⁴¹
1454 2379 1508 2408 ep.
1526 2369 1572 2399 sit

314 2422 360 2453 M.
492 2423 504 2440 ⁵
529 2431 624 2452 saex-
640 2422 670 2452 N
687 2433 693 2460 ;
718 2422 915 2452 saexulfum
932 2422 970 2452 O.
1078 2420 1090 2438 ⁶
1112 2421 1169 2452 -de
1187 2422 1224 2452 C.
1240 2422 1269 2451 B
1285 2421 1305 2452 ².
1426 2419 1438 2437 ⁷
1460 2422 1516 2451 -be
1534 2421 1571 2451 C.

311 2472 323 2489 Β
347 2487 399 2506 -re
418 2477 455 2507 O.
473 2477 513 2508 B.
591 2476 602 2494 9
626 2486 770 2507 eorcun-
786 2477 811 2507 C
828 2487 835 2514 3
858 2486 1006 2507 eancon-
1024 2477 1065 2508 N.
1133 2476 1158 2493 ¹⁰
1181 2478 1237 2506 cui
1255 2475 1300 2507 M.
1373 2473 1395 2491 ¹¹
1418 2476 1568 2515 —bergae,

314 2534 424 2562 altered
441 2535 466 2562 to
483 2533 627 2571 -burgae
645 2532 679 2562 M
696 2543 703 2570 ;
727 2542 781 2571 -ge
798 2532 829 2562 N
844 2542 851 2569 ;
874 2532 978 2562 aebil-
994 2531 1030 2563 O.
1148 2529 1172 2548 ¹²
1196 2531 1244 2561 sic
1261 2530 1315 2562 13¹.
1332 2531 1362 2561 N
1378 2541 1386 2569 3
1410 2531 1570 2570 suderige

318 2583 385 2623 B²;
409 2584 594 2615 suthriena
611 2584 635 2614 C
664 2594 671 2623 ;
697 2581 890 2615 suthri‘o'ei
907 2583 959 2615 02.
1055 2581 1079 2600 ²³
1103 2583 1268 2614 tamisam
1286 2583 1324 2614 G.

1594 1768 1613 1796 f.
1632 1779 1662 1805 77
1677 1778 1707 1797 a,
