1803 2887
229 177 308 207 CAP.
325 172 450 214 xxm]
628 164 779 206 Gentis
809 163 1079 219 Aozsyloown.
1398 161 1482 201 347

228 281 339 327 bant,
364 280 433 318 sed
454 293 539 318 non
561 279 786 317 seeundum
812 279 1022 317 scientiam
1045 293 1054 326 3
1084 277 1364 326 catholicoque
1389 276 1484 314 illos

227 349 350 395 atque
369 345 589 394 apostolico
609 358 722 382 more
741 344 1069 391 celebrationem,
1090 346 1136 381 ut
1157 343 1349 389 diximus,
1374 355 1483 391 prae-

228 411 388 460 cipuae¹
411 410 701 449 sollemnitatis
720 410 796 447 sub
816 410 945 459 figura
971 422 1145 447 coronae
1165 408 1343 457 perpetis
1367 420 1484 456 agere

228 476 448 526 perdocuit.
510 476 624 524 Quod
646 475 749 513 mira
775 474 939 513 diuinae
966 476 1126 512 constat
1146 474 1301 511 factum
1326 473 1484 521 dispen-

228 541 386 580 satione
414 541 588 590 pietatis,
613 543 659 579 ut
694 541 888 590 quoniam
918 553 1018 589 gens
1050 539 1131 587 illa,
1160 552 1281 588 quan]
1314 540 1484 576 nouerat

229 607 443 645 scientiam
472 607 636 645 diuinae
664 605 910 655 cognitionis
934 605 1111 642 libenter
1139 617 1183 642 ac
1213 604 1302 641 sine
1327 603 1485 640 inuidia

229 672 391 721 populis
412 673 646 721 Anglorum
671 671 974 709 communicare
998 670 1157 707 curauit
1177 684 1185 715 ;
1215 669 1302 718 ipsa
1323 681 1482 718 quoque

219 737 492 786 postmodum
513 751 585 786 per
607 739 773 786 gentem
794 736 1028 785 Anglorum
1055 735 1099 772 in
1123 735 1191 783 eis,
1217 747 1320 783 quae
1346 733 1486 770 minus

230 802 438 849 habuerat,
472 803 521 840 ad
555 802 777 851 perfectam
811 801 980 839 uiuendi
1011 814 1200 838 normam
1233 798 1478 848 perueniret.

232 867 346 906 Sicut
381 869 543 905 econtra
580 868 810 914 Brettones,
849 866 921 915 qui
959 865 1156 904 nolebant
1195 865 1345 914 Anglis
1378 877 1479 911 eam,

234 946 356 981 quam
390 932 606 981 habebant,
647 932 741 970 fidei
774 931 1032 970 Christianae
1065 931 1257 969 notitiam
1291 930 1477 979 pandere,

233 997 494 1036 credentibus
516 998 598 1036 iam
623 997 787 1046 populis
813 997 1058 1045 Anglorum,
1083 998 1123 1034 et
1147 996 1191 1033 in
1222 995 1363 1045 regula
1391 994 1487 1032 fidei

233 1063 453 1101 catholicae
482 1077 554 1112 per
583 1063 723 1101 onmia
751 1063 972 1109 instructis,
998 1062 1077 1111 ipsi
1107 1062 1239 1099 adhuc
1269 1060 1490 1098 inueterati

233 1131 273 1166 et
302 1128 573 1166 claudicantes
604 1142 627 1167 a
660 1128 819 1166 semitis
853 1128 947 1175 suis,
982 1130 1023 1165 et
1057 1127 1187 1176 capita
1220 1126 1309 1165 sine
1343 1139 1491 1163 corona

232 1194 518 1244 praetendunt,
544 1196 584 1232 et
604 1193 822 1232 sollemnia
842 1193 996 1232 Christi
1015 1193 1105 1230 sine
1126 1192 1316 1230 ecclesiae
1337 1191 1490 1230 Christi

234 1259 424 1297 societate
444 1261 703 1298 uenerantur.

290 1325 567 1374 Susceperunt
592 1327 730 1363 autem
758 1325 952 1362 Hiienses
980 1323 1174 1362 monachi
1200 1324 1370 1361 docente
1394 1323 1491 1371 Ecg-

237 1390 394 1428 bercto²
435 1391 540 1428 ritus
578 1391 749 1428 uiuendi
786 1390 1008 1428 catholicos
1046 1389 1122 1427 sub
1161 1389 1307 1426 abbate
1347 1389 1489 1425 Duun-

238 1456 398 1503 chadoss,
431 1458 524 1505 post
553 1469 684 1494 annos
715 1456 874 1494 circiter
899 1455 1070 1501 LXXX,
1105 1468 1153 1492 ex
1188 1467 1269 1503 quo
1299 1454 1348 1491 ad
1380 1466 1490 1502 prae-

237 1521 483 1559 dicationem
530 1522 665 1572 gentis
711 1521 945 1570 Anglorum
983 1521 1194 1558 Aidanuin
1213 1522 1225 1539 ‘¹
1264 1519 1494 1557 miserant⁵

237 1587 478 1625 antistitem.
522 1588 674 1625 Mansit
694 1590 831 1625 autem
848 1587 914 1624 uir
936 1586 1105 1624 Domini
1120 1586 1343 1635 Ecgberct⁶
1359 1598 1491 1623 annos

238 1653 353 1690 XIII
379 1653 423 1690 in
454 1653 633 1701 praefata
662 1653 807 1697 insula,
842 1666 966 1702 quam
995 1652 1082 1701 ipse
1116 1651 1232 1689 uelut
1264 1664 1371 1688 noua
1401 1663 1493 1699 qua-

238 1718 333 1756 dam
361 1719 567 1756 relucente
598 1719 726 1768 gratia
757 1718 1049 1756 ecclesiasticae
1078 1717 1283 1755 societatis
1311 1718 1351 1754 et
1384 1716 1493 1765 pacis

239 1784 401 1822 Christo
431 1786 763 1832 consecrauerat3
793 1784 1008 1833 annoque⁷
1042 1783 1270 1821 dominicae
1312 1783 1493 1820 incarna-

238 1850 364 1887 tionis
387 1850 714 1889 DCCXXVIIII
729 1852 750 1897 ⁸,
776 1863 855 1899 quo
876 1849 1048 1899 pascha⁹
1069 1847 1325 1886 dominicum
1347 1849 1489 1885 octauo

239 1915 521 1953 Kalendarum
530 1915 728 1953 Maiarum
745 1916 810 1953 die
824 1914 1149 1961 celebrabaturw,
1168 1927 1263 1951 cum
1271 1913 1492 1951 missarum

239 1980 456 2019 sollemnia
484 1980 529 2018 in
559 1981 801 2019 memoriam
833 1981 1017 2018 eiusdem
1044 1979 1272 2018 dominicae
1301 1992 1496 2016 resurrec-

239 2046 365 2084 tionis
404 2047 654 2093 celebrasset,
697 2047 841 2084 eodem
881 2046 946 2084 die
992 2048 1033 2083 et
1075 2045 1164 2094 ipse
1207 2045 1401 2094 migrauit
1445 2045 1495 2082 ad

240 2112 479 2161 Dominum,
503 2126 548 2150 ac
568 2113 763 2162 gaudium
789 2125 975 2150 summae
996 2111 1246 2158 festiuitatis,
1271 2111 1380 2159 quod
1400 2123 1495 2148 cum

239 2177 447 2223 fratribus,
471 2191 573 2227 quos
597 2179 647 2216 ad
675 2178 847 2215 unitatis
873 2177 1045 2227 gratiam
1071 2178 1337 2223 conuerterat,
1363 2176 1498 2214 incho-

240 2243 336 2290 auit,
362 2256 455 2281 cum
477 2244 654 2282 Domino
676 2244 716 2280 et
740 2243 946 2292 apostolis,
971 2242 1195 2292 ceterisque
1218 2242 1318 2280 caeli
1337 2242 1497 2279 ciuibus

243 2309 462 2358 conpleuit,
501 2310 630 2348 immo
668 2309 711 2347 id
749 2309 886 2358 ipsum
925 2308 1126 2346 celebrare
1165 2308 1253 2345 sine
1291 2308 1374 2345 fine
1412 2320 1497 2344 non

242 2374 404 2414 desinit.
465 2375 569 2414 Mira
596 2377 736 2413 autem
770 2374 935 2413 diuinae
967 2374 1216 2423 dispensatio
1249 2373 1500 2423 prouisionis

287 2493 297 2510 ¹
320 2506 402 2536 -pue
418 2496 464 2528 M.
574 2494 586 2513 ²
609 2496 766 2527 -berchto
780 2495 805 2527 C
820 2506 827 2534 ;
852 2496 1004 2526 -berecto
1019 2495 1064 2525 N¹
1083 2496 1141 2535 (⁶2).
1267 2494 1279 2512 ³
1302 2492 1441 2525 -c‘h‘ato
1456 2494 1497 2525 N.

243 2548 253 2565 ⁴
277 2548 355 2578 aed·
374 2547 426 2578 13¹.
503 2547 515 2565 ⁵
542 2550 644 2578 -runt
662 2548 719 2579 M¹.
739 2548 777 2579 C.
860 2549 871 2566 ⁶
895 2547 1033 2578 -bercht
1052 2548 1089 2578 C.
1157 2545 1168 2563 ⁷
1192 2556 1288 2578 anno
1305 2556 1443 2586 quoque
1461 2546 1499 2578 C.

242 2599 254 2617 ⁸
276 2600 378 2631 VIII.
397 2600 438 2632 N.
537 2601 548 2617 ⁹
573 2610 677 2640 pasca
693 2600 740 2632 M.
829 2598 853 2615 ¹⁰
878 2601 1014 2630 -bratur
1031 2599 1068 2630 C.
1086 2598 1141 2630 13¹.

1516 1332 1576 1359 His
1591 1331 1700 1363 death,

1516 1373 1639 1406 Easter,
1661 1381 1718 1406 729·
