1803 2887
47 1273 86 1302 cf.
103 1274 152 1302 ΡΞ.

46 1313 165 1341 cxlviii.
177 1323 213 1341 12.

45 2124 65 2151 f.
84 2133 118 2160 95
130 2123 159 2151 b.

584 181 849 237 Eegybertum
879 182 1163 247 Ερξεσορῖωη.
1417 185 1502 224 419

243 284 379 323 Deum
408 286 580 334 credere,
610 300 689 335 qua
719 287 905 325 diuinam
934 287 1196 325 clementiam
1226 287 1502 336 supplicantes

243 351 417 388 debeant
443 351 661 389 deuotione
690 352 854 401 precari,
888 366 1012 401 quam
1046 352 1255 401 frequenti
1288 353 1502 402 diligentia

242 416 451 464 signaculo
476 429 519 454 se
546 416 773 455 dominicae
798 417 927 455 crucis
948 431 1100 466 suaque
1122 417 1261 455 omnia
1281 418 1501 456 aduersum

243 481 458 518 continuas
495 482 810 520 immundorum
848 483 1071 532 spirituum
1119 483 1288 521 insidias
1335 496 1501 521 necesse

242 546 420 584 habeant
436 547 610 595 munire,
628 561 751 597 quam
768 549 957 586 salutaris
973 549 1026 586 sit
1043 549 1157 586 omni
1174 548 1501 586 Christianorum

241 611 405 661 generi1
433 612 636 651 cotidiana
668 614 864 652 dominici
893 614 1070 662 corporis
1097 626 1142 651 ac
1174 614 1386 663 sanguinis
1417 628 1502 663 per-

241 678 383 726 ceptio,
425 678 539 716 iuxta
587 680 694 728 quod
738 678 977 717 ecclesiam2
1016 679 1170 717 Christi
1206 693 1280 728 per
1318 679 1495 727 Italiam,

241 743 430 791 Galliam,
458 744 653 792 Africam,
683 746 881 791 Greciam,
906 758 950 782 ac
971 747 1107 782 totum
1135 745 1337 782 orientem
1364 745 1500 783 soller-

239 810 302 846 ter
331 822 448 858 agere
482 810 602 848 nosti.
665 810 781 858 Quod
816 810 1005 848 uidelicet
1035 824 1167 859 genus
1198 810 1418 859 religionis,
1454 823 1499 848 ac

239 873 326 911 Deo
347 875 516 912 deuotae
537 875 870 913 sanctificationis
889 878 974 913 tam
996 876 1118 925 longe
1133 889 1155 914 a
1171 876 1329 914 cunctis
1349 876 1498 926 paene3

240 941 401 977 nostrae
420 940 654 988 prouinciae
675 940 788 978 laicis
808 954 880 990 per
899 941 1101 979 incuriam
1125 942 1363 979 docentium
1384 941 1500 991 quasi

238 1017 363 1053 prope
384 1007 647 1054 peregrinum
668 1006 794 1054 abest,
818 1008 865 1044 ut
892 1007 953 1044 hii
978 1007 1049 1056 qui
1074 1007 1183 1045 inter
1207 1007 1324 1045 illos4
1345 1007 1500 1056 religio-

239 1069 365 1107 siores
400 1084 486 1108 esse
524 1071 730 1118 uidentur,
769 1085 854 1109 non
889 1072 970 1110 nisi
1003 1072 1048 1109 in
1082 1072 1210 1110 natali
1243 1072 1425 1119 Domini,
1460 1075 1501 1111 et

240 1135 466 1184 epiphania,
481 1138 520 1174 et
536 1137 683 1186 pascha
696 1138 959 1175 sacrosanctis
975 1138 1184 1187 mysteriis
1199 1138 1501 1176 communicare

239 1203 514 1249 praesumant,
545 1215 640 1239 cum
672 1202 756 1239 sint
787 1203 996 1240 innumeri
1026 1203 1265 1240 innocentes
1298 1204 1337 1240 et
1369 1203 1501 1240 castis-

241 1265 367 1304 simae
397 1268 719 1305 conuersationis
747 1268 864 1317 pueri
893 1282 937 1306 ac
966 1269 1137 1318 puellae,
1162 1269 1332 1306 iuuenes
1359 1271 1399 1306 et
1426 1269 1501 1306 uir—

240 1330 367 1379 gines,
394 1344 511 1369 senes
532 1334 572 1369 et
592 1345 707 1380 anus,
733 1332 803 1381 qui
828 1332 979 1382 absque
1009 1333 1095 1370 ullo
1120 1333 1316 1382 scrupulo
1345 1335 1502 1371 contro—

241 1397 407 1444 uersiae,
444 1397 559 1435 omni
596 1398 661 1436 die
691 1398 908 1446 dominico,
943 1399 1029 1436 siue
1063 1399 1188 1436 etiam
1222 1399 1267 1436 in
1302 1399 1501 1437 natalitiis

240 1465 477 1500 sanctorum
497 1464 783 1512 apostolorum,
809 1464 897 1501 siue
921 1466 1162 1513 martyrum,
1189 1465 1393 1513 quomodo
1414 1465 1500 1513 ipse

239 1529 282 1566 in
313 1530 452 1566 sancta
481 1529 667 1567 Romana
699 1531 737 1567 et
770 1529 991 1578 apostolica
1025 1529 1193 1567 ecclesia
1226 1530 1314 1567 fieri
1344 1530 1496 1578 uidisti,

238 1594 446 1643 mysteriis
467 1594 709 1632 caelestibus
730 1595 1035 1633 communicare
1052 1595 1228 1633 ualeant.
1272 1596 1359 1645 Ipsi
1374 1596 1499 1634 etiam

239 1659 455 1709 coniugati,
475 1661 509 1697 si
531 1660 620 1709 quis
641 1660 719 1698 sibi
738 1673 976 1698 mensuram
996 1661 1274 1699 continentiae
1295 1662 1495 1710 ostendat,

239 1727 278 1762 et
294 1725 493 1763 uirtutem
512 1726 712 1764 castitatis
732 1726 926 1774 insinuet,
943 1726 1054 1764 idem
1075 1728 1115 1763 et
1132 1726 1304 1764 licenter
1323 1727 1495 1776 possint,

239 1792 279 1828 et
300 1791 478 1829 libenter
498 1791 627 1829 facere
646 1791 788 1830 uelint.

298 1859 355 1892 16.
387 1856 500 1894 Haec
521 1856 607 1905 tibi,
624 1857 881 1894 sanctissime
896 1857 1077 1905 antistes,
1096 1859 1135 1894 et
1152 1859 1246 1895 tuae
1267 1857 1498 1895 dilectionis

238 1921 405 1970 intuitu,
431 1923 470 1959 et
490 1922 690 1971 generalis
719 1922 847 1972 gratia
876 1922 1067 1960 utilitatis
1096 1922 1277 1961 breuiter
1304 1923 1498 1961 adnotare

238 1987 387 2035 studui,
421 1988 604 2025 multum
632 1988 876 2035 desiderans,
902 1989 1166 2037 multumque
1195 1989 1428 2037 exhortans,
1452 1991 1499 2027 ut

238 2054 406 2101 gentem
426 2054 614 2090 nostram
639 2065 661 2090 a
690 2053 866 2091 uetustis
884 2053 1122 2092 abstrahere
1142 2067 1257 2091 cures
1277 2054 1494 2102 erroribus,

238 2119 279 2155 et
304 2118 355 2156 ad
385 2117 598 2155 certiorem
625 2120 665 2156 et
691 2118 970 2161 diremtiorem
998 2119 1106 2157 uitae
1136 2119 1283 2157 callem
1309 2120 1500 2158 reducere

239 2185 408 2233 satagas.
488 2184 541 2222 Et
589 2184 625 2221 si
670 2186 769 2222 sunt
813 2185 940 2234 aliqui
979 2185 1194 2223 cuiuslibet
1229 2186 1379 2235 gradus
1413 2187 1499 2224 siue

239 2249 394 2287 ordinis
423 2249 514 2297 uiri,
551 2249 623 2298 qui
653 2250 760 2288 bona
792 2252 863 2288 tua
889 2253 1028 2300 caepta
1061 2251 1238 2289 retinere
1271 2254 1393 2301 atque
1426 2253 1499 2290 im-

237 2315 376 2364 pedire
396 2316 597 2353 conentur
611 2315 633 2363 ⁵,
658 2316 704 2353 tu
724 2317 865 2353 tamen
894 2317 1149 2365 propositum
1181 2319 1344 2355 sanctae
1373 2318 1498 2356 uirtu-

238 2381 301 2428 tis,
338 2393 539 2430 supernae
568 2394 729 2419 memor
756 2381 1052 2430 retributionis,
1086 2383 1137 2420 ad
1166 2383 1337 2420 firmum
1367 2396 1496 2432 usque

237 2445 366 2484 finem
393 2446 614 2495 perducere
647 2447 880 2486 contendas.
942 2447 1033 2486 Scio
1063 2461 1242 2498 namque
1272 2448 1496 2487 nonnullos

279 2555 290 2573 ¹
312 2566 365 2587 -re
382 2556 429 2587 H.
552 2555 564 2573 ²
586 2557 652 2588 -sia
668 2558 715 2589 Η.
843 2556 857 2576 3
880 2567 969 2597 pene
986 2559 1123 2590 cunctis
1138 2559 1185 2590 M.
1306 2558 1317 2576 ⁴
1340 2558 1419 2590 illos
1435 2570 1494 2592 om.

237 2607 283 2639 M.
396 2608 408 2626 ⁵
432 2609 552 2638 -netur
569 2608 614 2640 M.

820 2665 844 2691 E
866 2667 887 2693 Θ
909 2667 927 2691 2

1524 818 1659 854 Neglect
1675 819 1710 845 of

1522 858 1581 903 the
1596 858 1725 886 Eucha-

1523 901 1590 927 nst.

1524 1866 1684 1893 Renewed

1523 1905 1672 1933 exhorta-

1521 1945 1609 1973 tions

1522 1984 1653 2019 against

1523 2024 1661 2052 avarice.
