1803 2887
212 176 346 217 PRAEF]
614 170 764 212 Gentis·
796 171 835 212 A
844 171 1064 225 nylorum.
1441 173 1463 212 7

209 284 474 333 perceperint,
525 285 726 323 nonnulla
772 285 877 322 mihi
923 298 973 323 ex
1019 287 1133 334 parte
1180 284 1461 333 prodiderunt.

210 349 398 398 Denique
422 350 584 387 hortatu
609 350 823 399 praecipue
848 350 978 399 ipsius
1006 350 1162 393 Albini,
1187 352 1233 387 ut
1262 350 1337 387 hoc
1363 362 1465 397 opus

208 414 374 463 adgredi
406 415 608 462 auderem,
641 417 884 463 prouocatus
917 428 1020 454 sum.
1094 415 1174 453 Sed
1211 417 1252 452 et
1287 414 1463 452 Danihel
1489 423 1614 466 Daniel.
1659 464 1662 467 Ι

209 479 566 517 reuerentissimus
581 480 907 518 Occidentalium
924 481 1132 519 Saxonum
1152 480 1374 529 episcopus,
1394 479 1465 529 qui
1490 461 1657 528 ghsihgpegtt

209 557 320 581 nunc
338 557 466 593 usque
487 548 680 594 superest,
705 546 906 584 nonnulla
933 546 1038 583 mihi
1058 546 1107 584 de
1122 545 1133 564 ¹
1149 546 1319 583 historia
1348 545 1467 582 eccle·
1491 540 1623 567 Saxona.

209 609 371 647 siastica
393 611 626 658 prouinciae
645 611 783 660 ipsius,
808 612 934 649 simul
954 613 994 649 et
1018 611 1204 660 proxima
1224 611 1287 649 illi
1302 612 1468 649 Austra-

208 674 314 712 lium
353 675 572 717 Saxonum.
616 690 690 714 nec
727 691 811 714 non
850 679 891 714 et
930 677 1082 715 Uectae
1120 676 1280 714 insulae
1317 676 1467 714 litteris

208 740 401 778 mandata
432 741 660 780 declarauit.
735 742 920 790 Qualiter
952 756 1051 780 uero
1085 755 1156 791 per
1190 742 1466 779 ministerium

208 805 334 843 Ceddi
362 808 403 843 et
433 806 590 844 Ceadda
619 807 903 856 religiosorum
930 807 1084 846 Christi
1110 808 1375 851 sacerdotum,
1402 808 1466 845 uel

206 871 418 919 prouincia
459 872 704 910 Merciorum
742 873 792 910 ad
831 873 956 911 fidem
1003 873 1166 920 Christi,
1211 886 1334 921 quam
1383 886 1467 910 non

208 939 387 984 nouerat,
403 939 648 986 peruenerit,
666 938 734 975 uel
746 938 956 987 prouincia
972 938 1246 977 Orientalium
1260 938 1466 976 Saxonum

207 1001 343 1050 fidem,
378 1015 502 1051 quam
533 1003 631 1040 olim
662 1003 956 1051 exsufflauerat,
991 1003 1301 1052 recuperauerit,
1336 1003 1467 1052 qualis

207 1066 331 1104 etiam
365 1067 547 1116 ipsorum
577 1071 742 1116 patrum
772 1069 859 1106 uita
890 1069 956 1106 uel
986 1068 1122 1106 obitus
1155 1068 1348 1116 extiterit,
1383 1068 1468 1106 dili-

206 1134 349 1182 genter
367 1146 390 1170 a
414 1133 609 1171 fratribus
637 1134 886 1181 monasterii,
911 1134 1019 1183 quod
1049 1134 1100 1172 ab
1129 1134 1229 1183 ipsis
1253 1134 1466 1172 conditum
1490 1145 1557 1172 The
1580 1145 1696 1189 ungule<

209 1198 463 1248 Laestingaeu
479 1198 491 1217 ²
540 1199 862 1249 cognominatur,
914 1199 1172 1249 agnouimus.
1245 1200 1374 1237 Porro
1422 1199 1466 1237 in
1491 1185 1686 1251 ffillflastmff-

207 1264 416 1313 prouincia
450 1264 724 1302 Orientalium
753 1266 998 1314 Anglorum.
1033 1278 1135 1314 quae
1165 1265 1319 1302 fuerint
1353 1268 1466 1314 gesta

207 1329 482 1377 ecclesiastica,
506 1332 658 1379 partim
678 1344 726 1368 ex
747 1331 911 1379 scriptis
931 1331 997 1368 uel
1026 1330 1245 1368 traditione
1265 1331 1460 1380 priorum.

205 1396 355 1445 partim
370 1396 696 1433 reuerentissimi
711 1396 869 1434 abbatis
884 1396 956 1434 Esi
975 1396 1174 1434 relatione
1187 1383 1458 1445 conperimus.
1489 1405 1592 1432 Abina
1611 1405 1672 1432 Egi.

207 1462 265 1499 At
286 1474 384 1499 uero
413 1461 457 1499 in
487 1461 699 1510 prouincia
732 1461 950 1507 Lindissi³‚
986 1474 1088 1510 quae
1119 1461 1203 1499 sint
1233 1464 1347 1510 gesta
1372 1474 1464 1510 erga

206 1526 331 1565 fidem
348 1527 510 1573 Christi,
528 1540 684 1575 quaeue
699 1527 898 1565 successio
913 1527 1171 1565 sacerdotalis
1191 1527 1384 1567 extiterit.
1402 1527 1468 1564 uel

208 1592 357 1630 litteris
376 1593 698 1631 reuerentissimi
717 1592 917 1630 antistitis
930 1592 1164 1642 Cynibercti
1178 1594 1190 1611 ⁴
1206 1593 1274 1630 uel
1293 1592 1467 1630 aliorum
1493 1604 1612 1648 Bishpl,

209 1658 395 1696 fidelium
415 1658 599 1696 uirorum
619 1658 715 1696 uiua
730 1672 829 1696 uoce
842 1658 1071 1696 didicimus.
1135 1658 1244 1706 Quae
1264 1663 1401 1695 autem
1424 1658 1467 1695 in
1493 1644 1656 1676 Cymbe-rt.

211 1724 653 1773 Nordanhymbrorum
682 1724 903 1773 prouincia,
938 1737 988 1761 ex
1016 1737 1097 1773 quo
1128 1726 1313 1772 tempore
1342 1724 1468 1761 fidem

211 1789 363 1829 Christi
396 1792 675 1838 perceperunt,
715 1803 844 1838 usque
874 1790 924 1827 ad
954 1802 1148 1838 praesens
1184 1803 1257 1838 per
1287 1789 1468 1827 diuersas

211 1855 394 1905 regiones
407 1855 451 1892 in
465 1854 632 1892 ecclesia
644 1854 727 1893 sint
741 1857 838 1902 acta,
851 1868 936 1893 non
948 1868 1032 1892 uno
1046 1855 1227 1903 quolibet
1239 1857 1412 1898 auctore,
1442 1854 1446 1905 Ι

96 1924 116 1952 f.
134 1933 186 1953 22-
212 1922 281 1960 sed
303 1920 415 1958 fideli
434 1921 748 1957 innumerorum
768 1920 948 1967 testium,
974 1920 1044 1969 qui
1065 1920 1162 1958 haec
1183 1920 1283 1957 scire
1303 1920 1371 1957 uel
1391 1934 1470 1957 me-
1495 1933 1649 1960 Person-<11

211 1987 380 2024 minisse
400 1987 598 2034 poterant,
618 1985 848 2023 adsertione
869 1985 1052 2035 cognoui,
1073 1985 1251 2034 exceptis
1271 1985 1346 2033 his,
1368 1999 1469 2035 quae
1495 1972 1693 2005 knoxx-10‹12=—.

210 2066 282 2102 per
300 2065 365 2089 me
385 2051 520 2100 ipsum
550 2064 670 2088 nosse
689 2053 883 2100 poteram.
946 2051 1064 2088 Inter
1092 2064 1195 2099 quae
1225 2052 1464 2090 notandum.

212 2118 319 2167 quod
349 2131 404 2164 ea,
438 2130 541 2166 quae
570 2117 620 2154 de
649 2116 907 2154 sanctissimo
936 2118 1049 2165 patre
1077 2119 1116 2154 et
1150 2116 1334 2154 antistite
1368 2117 1469 2155 Cud-

211 2183 382 2230 iun-01:0⁵,
409 2182 475 2219 uel
499 2182 543 2218 in
568 2181 644 2219 hoc
672 2181 896 2229 uolumine,
921 2182 989 2219 uel
1017 2181 1061 2218 in
1092 2181 1231 2219 libello
1261 2184 1469 2231 gestorum

212 2247 341 2297 ipsius
371 2247 602 2296 conscripsi,
637 2247 787 2296 partim
817 2260 864 2284 ex
894 2247 963 2294 eis,
989 2260 1092 2296 quae
1124 2247 1174 2285 de
1203 2247 1274 2285 illo
1303 2248 1418 2296 prius
1449 2261 1470 2285 a
1494 2258 1546 2303 [111
1563 2258 1679 2302 earlier

213 2314 402 2351 fratribus
451 2312 640 2350 ecclesiae
697 2312 1048 2350 Lindisfarnensis
1098 2312 1246 2361 scripta
1295 2313 1465 2362 repperi,
1495 2298 1665 2364 iiffiisiwrt.

211 2379 400 2425 adsumsi,
434 2377 677 2427 simpliciter
714 2377 839 2415 fidem
879 2377 1083 2425 historiae,
1117 2391 1240 2427 quam
1270 2378 1466 2428 legebam,

256 2477 266 2493 ¹
291 2477 333 2507 de
351 2487 408 2508 01η.
426 2477 483 2506 M1.
601 2475 613 2492 ²
637 2477 741 2507 luest-
759 2477 801 2506 N.
965 2476 1048 2507 -disi
1062 2476 1103 2506 N,
1239 2476 1250 2493 ⁴
1276 2477 1407 2507 -berhti
1425 2477 1448 2507 C

214 2530 422 2568 cynibericti
439 2529 480 2558 N¹
497 2539 503 2567 ;
521 2528 718 2559 cunibercti
735 2529 789 2560 ΝΞ,
956 2529 967 2546 ⁵
990 2529 1150 2559 -berchto
1169 2529 1193 2559 C
1208 2539 1215 2565 ;
1245 2529 1386 2559 -berict11›
1404 2529 1449 2558 Nl

213 2582 324 2612 -berto
340 2581 392 2612 ΝΖ.
