<?xml version="1.0" encoding="UTF-8"?>
<!DOCTYPE html PUBLIC "-//W3C//DTD XHTML 1.0 Transitional//EN"
    "http://www.w3.org/TR/xhtml1/DTD/xhtml1-transitional.dtd">
<html xmlns="http://www.w3.org/1999/xhtml" xml:lang="en" lang="en">
 <head>
  <title>
</title>
<meta http-equiv="Content-Type" content="text/html;charset=utf-8" />
  <meta name='ocr-system' content='tesseract 3.04.00' />
  <meta name='ocr-capabilities' content='ocr_page ocr_carea ocr_par ocr_line ocrx_word'/>
</head>
<body>
  <div class='ocr_page' id='page_1' title='image "./venerabilisbaeda00bedeuoft_0306.png"; bbox 0 0 1803 2887; ppageno 0'>
   <div class='ocr_carea' id='block_1_1' title="bbox 286 168 1541 218">
    <p class='ocr_par' dir='ltr' id='par_1_1' title="bbox 286 168 1541 218">
     <span class='ocr_line' id='line_1_1' title="bbox 286 168 1541 218; baseline 0.002 -10"><span class='ocrx_word' id='word_1_1' title='bbox 286 168 308 208; x_wconf 86' lang='lat'>1</span> <span class='ocrx_word' id='word_1_2' title='bbox 317 169 368 208; x_wconf 88' lang='grc'>16</span> <span class='ocrx_word' id='word_1_3' title='bbox 645 168 696 209; x_wconf 93' lang='lat' dir='ltr'><em>H</em></span> <span class='ocrx_word' id='word_1_4' title='bbox 698 168 851 210; x_wconf 68' lang='lat' dir='ltr'>istoria</span> <span class='ocrx_word' id='word_1_5' title='bbox 882 168 1187 211; x_wconf 70' lang='lat' dir='ltr'>Ecclesiastz&#39;ea</span> <span class='ocrx_word' id='word_1_6' title='bbox 1394 177 1480 218; x_wconf 80' lang='lat' dir='ltr'>[Lm.</span> <span class='ocrx_word' id='word_1_7' title='bbox 1498 181 1541 211; x_wconf 77' lang='lat'>11,</span> 
     </span>
    </p>
   </div>
   <div class='ocr_carea' id='block_1_2' title="bbox 55 284 1784 1184">
    <p class='ocr_par' dir='ltr' id='par_1_2' title="bbox 283 284 1784 1052">
     <span class='ocr_line' id='line_1_2' title="bbox 285 284 1544 334; baseline 0.002 -13"><span class='ocrx_word' id='word_1_8' title='bbox 285 296 379 321; x_wconf 89' lang='lat' dir='ltr'>cum</span> <span class='ocrx_word' id='word_1_9' title='bbox 411 296 483 322; x_wconf 87' lang='lat' dir='ltr'>sua</span> <span class='ocrx_word' id='word_1_10' title='bbox 511 284 722 333; x_wconf 84' lang='lat' dir='ltr'>prouincia</span> <span class='ocrx_word' id='word_1_11' title='bbox 752 284 962 333; x_wconf 78' lang='lat' dir='ltr'>suscipere.</span> <span class='ocrx_word' id='word_1_12' title='bbox 1023 285 1077 322; x_wconf 87' lang='lat' dir='ltr'>Et</span> <span class='ocrx_word' id='word_1_13' title='bbox 1112 284 1279 334; x_wconf 89' lang='lat' dir='ltr'>quidem</span> <span class='ocrx_word' id='word_1_14' title='bbox 1311 287 1424 334; x_wconf 86' lang='lat' dir='ltr'>pater</span> <span class='ocrx_word' id='word_1_15' title='bbox 1457 286 1544 324; x_wconf 89' lang='lat' dir='ltr'>eius</span> 
     </span>
     <span class='ocr_line' id='line_1_3' title="bbox 286 349 1543 389; baseline 0.002 -3"><span class='ocrx_word' id='word_1_16' title='bbox 286 349 473 387; x_wconf 82' lang='lat' dir='ltr'>Reduald</span> <span class='ocrx_word' id='word_1_17' title='bbox 500 349 741 387; x_wconf 87' lang='lat' dir='ltr'>iamdudum</span> <span class='ocrx_word' id='word_1_18' title='bbox 760 351 805 387; x_wconf 91' lang='lat' dir='ltr'>in</span> <span class='ocrx_word' id='word_1_19' title='bbox 829 351 973 388; x_wconf 87' lang='lat' dir='ltr'>Cantia</span> <span class='ocrx_word' id='word_1_20' title='bbox 999 350 1264 388; x_wconf 75' lang='lat' dir='ltr'>sacramentis</span> <span class='ocrx_word' id='word_1_21' title='bbox 1290 350 1543 389; x_wconf 77' lang='lat' dir='ltr'>Christianae</span> 
     </span>
     <span class='ocr_line' id='line_1_4' title="bbox 287 414 1542 462; baseline 0.002 -11"><span class='ocrx_word' id='word_1_22' title='bbox 287 414 383 451; x_wconf 87' lang='lat' dir='ltr'>fidei</span> <span class='ocrx_word' id='word_1_23' title='bbox 404 414 574 452; x_wconf 83' lang='lat' dir='ltr'>inbutus</span> <span class='ocrx_word' id='word_1_24' title='bbox 595 417 666 461; x_wconf 77' lang='lat' dir='ltr'>est,</span> <span class='ocrx_word' id='word_1_25' title='bbox 692 415 762 452; x_wconf 83' lang='lat' dir='ltr'>sed</span> <span class='ocrx_word' id='word_1_26' title='bbox 788 415 939 452; x_wconf 88' lang='lat' dir='ltr'>frustra</span> <span class='ocrx_word' id='word_1_27' title='bbox 958 429 966 462; x_wconf 76' lang='lat'><em>3</em></span> <span class='ocrx_word' id='word_1_28' title='bbox 1001 428 1098 452; x_wconf 89' lang='lat' dir='ltr'>nam</span> <span class='ocrx_word' id='word_1_29' title='bbox 1118 415 1280 452; x_wconf 88' lang='lat' dir='ltr'>rediens</span> <span class='ocrx_word' id='word_1_30' title='bbox 1301 416 1469 453; x_wconf 88' lang='lat' dir='ltr'>domum</span> <span class='ocrx_word' id='word_1_31' title='bbox 1492 416 1542 454; x_wconf 89' lang='lat' dir='ltr'>ab</span> 
     </span>
     <span class='ocr_line' id='line_1_5' title="bbox 286 480 1544 529; baseline 0.002 -13"><span class='ocrx_word' id='word_1_32' title='bbox 286 493 411 517; x_wconf 87' lang='lat' dir='ltr'>uxore</span> <span class='ocrx_word' id='word_1_33' title='bbox 432 493 503 517; x_wconf 83' lang='lat' dir='ltr'>sua.</span> <span class='ocrx_word' id='word_1_34' title='bbox 529 482 567 517; x_wconf 88' lang='lat' dir='ltr'>et</span> <span class='ocrx_word' id='word_1_35' title='bbox 594 480 838 528; x_wconf 86' lang='lat' dir='ltr'>quibusdam</span> <span class='ocrx_word' id='word_1_36' title='bbox 859 480 1061 529; x_wconf 85' lang='lat' dir='ltr'>peruersis</span> <span class='ocrx_word' id='word_1_37' title='bbox 1091 480 1322 518; x_wconf 82' lang='lat' dir='ltr'>doctoribus</span> <span class='ocrx_word' id='word_1_38' title='bbox 1352 481 1544 519; x_wconf 84' lang='lat' dir='ltr'>seductus</span> 
     </span>
     <span class='ocr_line' id='line_1_6' title="bbox 286 545 1725 598; baseline -0.001 -16"><span class='ocrx_word' id='word_1_39' title='bbox 286 548 356 585; x_wconf 81' lang='lat' dir='ltr'>est,</span> <span class='ocrx_word' id='word_1_40' title='bbox 375 547 496 593; x_wconf 82' lang='lat' dir='ltr'>atque</span> <span class='ocrx_word' id='word_1_41' title='bbox 512 558 533 582; x_wconf 85' lang='lat' dir='ltr'>a</span> <span class='ocrx_word' id='word_1_42' title='bbox 550 545 782 583; x_wconf 75' lang='lat' dir='ltr'>sinceritate</span> <span class='ocrx_word' id='word_1_43' title='bbox 797 546 891 583; x_wconf 84' lang='lat' dir='ltr'>fidei</span> <span class='ocrx_word' id='word_1_44' title='bbox 905 546 1150 594; x_wconf 84' lang='lat' dir='ltr'>deprauatus</span> <span class='ocrx_word' id='word_1_45' title='bbox 1164 545 1307 583; x_wconf 86' lang='lat' dir='ltr'>habuit</span> <span class='ocrx_word' id='word_1_46' title='bbox 1319 546 1543 595; x_wconf 74' lang='lat' dir='ltr'>posteriora</span> <span class='ocrx_word' id='word_1_47' title='bbox 1568 552 1725 598; x_wconf 57' lang='lat' dir='ltr'>cf3Matffla</span> 
     </span>
     <span class='ocr_line' id='line_1_7' title="bbox 285 601 1784 660; baseline 0.002 -14"><span class='ocrx_word' id='word_1_48' title='bbox 285 609 419 658; x_wconf 87' lang='lat' dir='ltr'>peiora</span> <span class='ocrx_word' id='word_1_49' title='bbox 446 610 673 658; x_wconf 85' lang='lat' dir='ltr'>prioribus;</span> <span class='ocrx_word' id='word_1_50' title='bbox 707 611 763 648; x_wconf 86' lang='lat' dir='ltr'>ita</span> <span class='ocrx_word' id='word_1_51' title='bbox 790 613 835 648; x_wconf 91' lang='lat' dir='ltr'>ut</span> <span class='ocrx_word' id='word_1_52' title='bbox 863 611 906 647; x_wconf 89' lang='lat' dir='ltr'>in</span> <span class='ocrx_word' id='word_1_53' title='bbox 933 624 1090 648; x_wconf 89' lang='lat' dir='ltr'>morem</span> <span class='ocrx_word' id='word_1_54' title='bbox 1119 610 1386 659; x_wconf 86' lang='lat' dir='ltr'>antiquorum</span> <span class='ocrx_word' id='word_1_55' title='bbox 1410 611 1544 649; x_wconf 81' lang='lat' dir='ltr'>Sama·</span> <span class='ocrx_word' id='word_1_56' title='bbox 1567 601 1733 660; x_wconf 46' lang='lat' dir='ltr'>fflossifffi</span> <span class='ocrx_word' id='word_1_57' title='bbox 1776 609 1784 635; x_wconf 85' lang='lat'>¹&#39;</span> 
     </span>
     <span class='ocr_line' id='line_1_8' title="bbox 285 672 1714 744; baseline 0.001 -32"><span class='ocrx_word' id='word_1_58' title='bbox 285 676 512 712; x_wconf 87' lang='lat' dir='ltr'>ritanorum</span> <span class='ocrx_word' id='word_1_59' title='bbox 537 678 575 713; x_wconf 87' lang='lat' dir='ltr'>et</span> <span class='ocrx_word' id='word_1_60' title='bbox 604 676 766 714; x_wconf 87' lang='lat' dir='ltr'>Christo</span> <span class='ocrx_word' id='word_1_61' title='bbox 796 676 947 713; x_wconf 84' lang='lat' dir='ltr'>seruire</span> <span class='ocrx_word' id='word_1_62' title='bbox 974 676 1182 713; x_wconf 89' lang='lat' dir='ltr'>uideretur</span> <span class='ocrx_word' id='word_1_63' title='bbox 1210 678 1249 713; x_wconf 90' lang='lat' dir='ltr'>et</span> <span class='ocrx_word' id='word_1_64' title='bbox 1274 676 1362 724; x_wconf 87' lang='lat' dir='ltr'>diis,</span> <span class='ocrx_word' id='word_1_65' title='bbox 1394 676 1544 725; x_wconf 83' lang='lat' dir='ltr'>quibus</span> <span class='ocrx_word' id='word_1_66' title='bbox 1566 672 1714 744; x_wconf 45' lang='grc' dir='ltr'>ἓξὲξ-4-</span> 
     </span>
     <span class='ocr_line' id='line_1_9' title="bbox 284 741 1609 790; baseline 0.001 -13"><span class='ocrx_word' id='word_1_67' title='bbox 284 743 401 778; x_wconf 86' lang='lat' dir='ltr'>antea</span> <span class='ocrx_word' id='word_1_68' title='bbox 422 741 623 779; x_wconf 81' lang='lat' dir='ltr'>seruiebat</span> <span class='ocrx_word' id='word_1_69' title='bbox 643 756 650 784; x_wconf 86' lang='lat'>;</span> <span class='ocrx_word' id='word_1_70' title='bbox 680 744 802 790; x_wconf 83' lang='lat' dir='ltr'>atque</span> <span class='ocrx_word' id='word_1_71' title='bbox 821 742 864 779; x_wconf 90' lang='lat' dir='ltr'>in</span> <span class='ocrx_word' id='word_1_72' title='bbox 892 741 1035 779; x_wconf 88' lang='lat' dir='ltr'>eodem</span> <span class='ocrx_word' id='word_1_73' title='bbox 1056 741 1150 778; x_wconf 86' lang='lat' dir='ltr'>fano</span> <span class='ocrx_word' id='word_1_74' title='bbox 1171 743 1210 778; x_wconf 83' lang='lat' dir='ltr'>et</span> <span class='ocrx_word' id='word_1_75' title='bbox 1231 741 1356 779; x_wconf 86' lang='lat' dir='ltr'>altare</span> <span class='ocrx_word' id='word_1_76' title='bbox 1376 741 1542 779; x_wconf 86' lang='lat' dir='ltr'>haberet</span> <span class='ocrx_word' id='word_1_77' title='bbox 1566 758 1609 784; x_wconf 81' lang='lat'>41.</span> 
     </span>
     <span class='ocr_line' id='line_1_10' title="bbox 283 806 1544 854; baseline 0.001 -11"><span class='ocrx_word' id='word_1_78' title='bbox 283 807 332 843; x_wconf 88' lang='lat' dir='ltr'>ad</span> <span class='ocrx_word' id='word_1_79' title='bbox 363 806 608 844; x_wconf 86' lang='lat' dir='ltr'>sacrificium</span> <span class='ocrx_word' id='word_1_80' title='bbox 639 807 800 854; x_wconf 70' lang='lat' dir='ltr'>Christi,</span> <span class='ocrx_word' id='word_1_81' title='bbox 835 810 873 844; x_wconf 88' lang='lat' dir='ltr'>et</span> <span class='ocrx_word' id='word_1_82' title='bbox 903 807 1060 844; x_wconf 81' lang='lat' dir='ltr'>arulam</span> <span class='ocrx_word' id='word_1_83' title='bbox 1089 807 1137 844; x_wconf 90' lang='lat' dir='ltr'>ad</span> <span class='ocrx_word' id='word_1_84' title='bbox 1168 806 1357 844; x_wconf 89' lang='lat' dir='ltr'>uictimas</span> <span class='ocrx_word' id='word_1_85' title='bbox 1386 807 1544 844; x_wconf 88' lang='lat' dir='ltr'>daemo-</span> 
     </span>
     <span class='ocr_line' id='line_1_11' title="bbox 284 871 1543 920; baseline 0.002 -12"><span class='ocrx_word' id='word_1_86' title='bbox 284 871 458 909; x_wconf 88' lang='lat' dir='ltr'>niorum.</span> <span class='ocrx_word' id='word_1_87' title='bbox 514 872 630 919; x_wconf 79' lang='lat' dir='ltr'>Quod</span> <span class='ocrx_word' id='word_1_88' title='bbox 650 872 843 910; x_wconf 84' lang='lat' dir='ltr'>uidelicet</span> <span class='ocrx_word' id='word_1_89' title='bbox 863 873 1005 909; x_wconf 90' lang='lat' dir='ltr'>fanum</span> <span class='ocrx_word' id='word_1_90' title='bbox 1020 885 1089 909; x_wconf 82' lang='lat' dir='ltr'>rex</span> <span class='ocrx_word' id='word_1_91' title='bbox 1109 872 1292 909; x_wconf 85' lang='lat' dir='ltr'>eiusdem</span> <span class='ocrx_word' id='word_1_92' title='bbox 1312 872 1543 920; x_wconf 84' lang='lat' dir='ltr'>prouinciae</span> 
     </span>
     <span class='ocr_line' id='line_1_12' title="bbox 283 937 1544 986; baseline 0 -12"><span class='ocrx_word' id='word_1_93' title='bbox 283 937 470 985; x_wconf 69' lang='lat' dir='ltr'>Alduulf,</span> <span class='ocrx_word' id='word_1_94' title='bbox 497 938 566 986; x_wconf 87' lang='lat' dir='ltr'>qui</span> <span class='ocrx_word' id='word_1_95' title='bbox 587 939 725 975; x_wconf 88' lang='lat' dir='ltr'>nostra</span> <span class='ocrx_word' id='word_1_96' title='bbox 745 939 876 975; x_wconf 83' lang='lat' dir='ltr'>aetate</span> <span class='ocrx_word' id='word_1_97' title='bbox 897 938 984 985; x_wconf 69' lang='lat' dir='ltr'>fuit,</span> <span class='ocrx_word' id='word_1_98' title='bbox 1011 950 1139 986; x_wconf 82' lang='lat' dir='ltr'>usque</span> <span class='ocrx_word' id='word_1_99' title='bbox 1162 938 1211 975; x_wconf 90' lang='lat' dir='ltr'>ad</span> <span class='ocrx_word' id='word_1_100' title='bbox 1239 950 1361 974; x_wconf 85' lang='lat' dir='ltr'>suum</span> <span class='ocrx_word' id='word_1_101' title='bbox 1380 939 1544 986; x_wconf 86' lang='lat' dir='ltr'>tempus</span> 
     </span>
     <span class='ocr_line' id='line_1_13' title="bbox 283 1002 1341 1052; baseline 0.001 -13"><span class='ocrx_word' id='word_1_102' title='bbox 283 1003 532 1052; x_wconf 77' lang='lat' dir='ltr'>perdurasse,</span> <span class='ocrx_word' id='word_1_103' title='bbox 557 1006 597 1040; x_wconf 89' lang='lat' dir='ltr'>et</span> <span class='ocrx_word' id='word_1_104' title='bbox 617 1016 659 1040; x_wconf 90' lang='lat' dir='ltr'>se</span> <span class='ocrx_word' id='word_1_105' title='bbox 679 1003 723 1040; x_wconf 90' lang='lat' dir='ltr'>in</span> <span class='ocrx_word' id='word_1_106' title='bbox 743 1003 915 1052; x_wconf 88' lang='lat' dir='ltr'>pueritia</span> <span class='ocrx_word' id='word_1_107' title='bbox 936 1003 1088 1040; x_wconf 76' lang='lat' dir='ltr'>uidisse</span> <span class='ocrx_word' id='word_1_108' title='bbox 1109 1002 1341 1040; x_wconf 82' lang='lat' dir='ltr'>testabatur.</span> 
     </span>
    </p>

    <p class='ocr_par' dir='ltr' id='par_1_3' title="bbox 55 1068 1544 1118">
     <span class='ocr_line' id='line_1_14' title="bbox 55 1068 1544 1118; baseline 0.003 -18"><span class='ocrx_word' id='word_1_109' title='bbox 55 1074 116 1101; x_wconf 81' lang='lat' dir='ltr'>His</span> <span class='ocrx_word' id='word_1_110' title='bbox 339 1069 434 1106; x_wconf 80' lang='lat' dir='ltr'>Erat</span> <span class='ocrx_word' id='word_1_111' title='bbox 452 1070 591 1106; x_wconf 88' lang='lat' dir='ltr'>autem</span> <span class='ocrx_word' id='word_1_112' title='bbox 610 1069 815 1118; x_wconf 87' lang='lat' dir='ltr'>praefatus</span> <span class='ocrx_word' id='word_1_113' title='bbox 830 1082 900 1106; x_wconf 81' lang='lat' dir='ltr'>rex</span> <span class='ocrx_word' id='word_1_114' title='bbox 916 1068 1099 1106; x_wconf 84' lang='lat' dir='ltr'>Reduald</span> <span class='ocrx_word' id='word_1_115' title='bbox 1116 1070 1215 1105; x_wconf 89' lang='lat' dir='ltr'>natu</span> <span class='ocrx_word' id='word_1_116' title='bbox 1230 1068 1389 1115; x_wconf 84' lang='lat' dir='ltr'>nobilis,</span> <span class='ocrx_word' id='word_1_117' title='bbox 1407 1080 1544 1117; x_wconf 87' lang='lat' dir='ltr'>quam-</span> 
     </span>
    </p>

    <p class='ocr_par' dir='ltr' id='par_1_4' title="bbox 56 1114 1545 1184">
     <span class='ocr_line' id='line_1_15' title="bbox 56 1114 1545 1184; baseline 0.001 -13"><span class='ocrx_word' id='word_1_118' title='bbox 56 1114 200 1141; x_wconf 43' lang='grc' dir='ltr'>ΜΘΝ·</span> <span class='ocrx_word' id='word_1_119' title='bbox 283 1134 383 1172; x_wconf 66' lang='lat' dir='ltr'>hbet</span> <span class='ocrx_word' id='word_1_120' title='bbox 424 1137 516 1172; x_wconf 71' lang='lat' dir='ltr'>actu</span> <span class='ocrx_word' id='word_1_121' title='bbox 555 1135 758 1183; x_wconf 78' lang='lat' dir='ltr'>ignobilis,</span> <span class='ocrx_word' id='word_1_122' title='bbox 801 1135 914 1172; x_wconf 73' lang='lat' dir='ltr'>finus</span> <span class='ocrx_word' id='word_1_123' title='bbox 961 1134 1100 1184; x_wconf 74' lang='lat' dir='ltr'>Tyffli,</span> <span class='ocrx_word' id='word_1_124' title='bbox 1147 1134 1260 1171; x_wconf 70' lang='lat' dir='ltr'>euius</span> <span class='ocrx_word' id='word_1_125' title='bbox 1307 1135 1422 1183; x_wconf 78' lang='lat' dir='ltr'>pater</span> <span class='ocrx_word' id='word_1_126' title='bbox 1465 1133 1545 1172; x_wconf 76' lang='lat' dir='ltr'>fuit</span> 
     </span>
    </p>
   </div>
   <div class='ocr_carea' id='block_1_3' title="bbox 285 1199 1546 1250">
    <p class='ocr_par' dir='ltr' id='par_1_5' title="bbox 285 1199 1546 1250">
     <span class='ocr_line' id='line_1_16' title="bbox 285 1199 1546 1250; baseline -0.002 -12"><span class='ocrx_word' id='word_1_127' title='bbox 285 1200 419 1238; x_wconf 85' lang='lat' dir='ltr'>Uuffa.</span> <span class='ocrx_word' id='word_1_128' title='bbox 453 1214 474 1237; x_wconf 90' lang='lat' dir='ltr'>a</span> <span class='ocrx_word' id='word_1_129' title='bbox 505 1214 584 1249; x_wconf 88' lang='lat' dir='ltr'>quo</span> <span class='ocrx_word' id='word_1_130' title='bbox 614 1213 727 1250; x_wconf 80' lang='lat' dir='ltr'>reges</span> <span class='ocrx_word' id='word_1_131' title='bbox 757 1199 1031 1238; x_wconf 83' lang='lat' dir='ltr'>Orientalium</span> <span class='ocrx_word' id='word_1_132' title='bbox 1060 1200 1295 1249; x_wconf 84' lang='lat' dir='ltr'>Anglorum</span> <span class='ocrx_word' id='word_1_133' title='bbox 1330 1199 1546 1249; x_wconf 84' lang='lat' dir='ltr'>Uuffingas</span> 
     </span>
    </p>
   </div>
   <div class='ocr_carea' id='block_1_4' title="bbox 55 1265 1544 1481">
    <p class='ocr_par' dir='ltr' id='par_1_6' title="bbox 55 1265 1544 1481">
     <span class='ocr_line' id='line_1_17' title="bbox 283 1265 502 1314; baseline 0.005 -12"><span class='ocrx_word' id='word_1_134' title='bbox 283 1265 502 1314; x_wconf 88' lang='lat' dir='ltr'>appellant.</span> 
     </span>
     <span class='ocr_line' id='line_1_18' title="bbox 56 1331 1539 1380; baseline -0.001 -11"><span class='ocrx_word' id='word_1_135' title='bbox 56 1334 166 1378; x_wconf 58' lang='lat' dir='ltr'>Pagap</span> <span class='ocrx_word' id='word_1_136' title='bbox 341 1331 499 1368; x_wconf 87' lang='lat' dir='ltr'>Uerum</span> <span class='ocrx_word' id='word_1_137' title='bbox 520 1331 724 1379; x_wconf 88' lang='lat' dir='ltr'>Eorpuald</span> <span class='ocrx_word' id='word_1_138' title='bbox 741 1345 823 1368; x_wconf 90' lang='lat' dir='ltr'>non</span> <span class='ocrx_word' id='word_1_139' title='bbox 841 1331 984 1378; x_wconf 79' lang='lat' dir='ltr'>multo,</span> <span class='ocrx_word' id='word_1_140' title='bbox 1001 1333 1218 1380; x_wconf 84' lang='lat' dir='ltr'>postquam</span> <span class='ocrx_word' id='word_1_141' title='bbox 1234 1331 1359 1368; x_wconf 88' lang='lat' dir='ltr'>fidem</span> <span class='ocrx_word' id='word_1_142' title='bbox 1376 1331 1539 1380; x_wconf 84' lang='lat' dir='ltr'>accepit,</span> 
     </span>
     <span class='ocr_line' id='line_1_19' title="bbox 55 1377 1544 1446; baseline 0 -12"><span class='ocrx_word' id='word_1_143' title='bbox 55 1377 202 1441; x_wconf 41' lang='lat' dir='ltr'>gzaizltgqon</span> <span class='ocrx_word' id='word_1_144' title='bbox 285 1400 468 1445; x_wconf 85' lang='lat' dir='ltr'>tempore</span> <span class='ocrx_word' id='word_1_145' title='bbox 498 1397 653 1434; x_wconf 84' lang='lat' dir='ltr'>occisus</span> <span class='ocrx_word' id='word_1_146' title='bbox 681 1399 743 1434; x_wconf 83' lang='lat' dir='ltr'>est</span> <span class='ocrx_word' id='word_1_147' title='bbox 765 1410 787 1434; x_wconf 86' lang='lat' dir='ltr'>a</span> <span class='ocrx_word' id='word_1_148' title='bbox 811 1397 899 1434; x_wconf 88' lang='lat' dir='ltr'>uiro</span> <span class='ocrx_word' id='word_1_149' title='bbox 919 1397 1065 1446; x_wconf 80' lang='lat' dir='ltr'>gentili</span> <span class='ocrx_word' id='word_1_150' title='bbox 1089 1397 1256 1434; x_wconf 88' lang='lat' dir='ltr'>nomine</span> <span class='ocrx_word' id='word_1_151' title='bbox 1282 1394 1544 1444; x_wconf 80' lang='lat' dir='ltr'>Ricbercto¹;</span> 
     </span>
     <span class='ocr_line' id='line_1_20' title="bbox 55 1452 166 1481; baseline 0.018 -4"><span class='ocrx_word' id='word_1_152' title='bbox 55 1452 166 1481; x_wconf 71' lang='lat' dir='ltr'>death.</span> 
     </span>
    </p>
   </div>
   <div class='ocr_carea' id='block_1_5' title="bbox 52 1462 1545 1838">
    <p class='ocr_par' dir='ltr' id='par_1_7' title="bbox 52 1462 1545 1838">
     <span class='ocr_line' id='line_1_21' title="bbox 286 1462 1540 1511; baseline 0 -12"><span class='ocrx_word' id='word_1_153' title='bbox 286 1465 325 1499; x_wconf 93' lang='lat' dir='ltr'>et</span> <span class='ocrx_word' id='word_1_154' title='bbox 346 1462 492 1499; x_wconf 82' lang='lat' dir='ltr'>exinde</span> <span class='ocrx_word' id='word_1_155' title='bbox 521 1462 652 1499; x_wconf 83' lang='lat' dir='ltr'>tribus</span> <span class='ocrx_word' id='word_1_156' title='bbox 681 1462 801 1499; x_wconf 88' lang='lat' dir='ltr'>annis</span> <span class='ocrx_word' id='word_1_157' title='bbox 826 1462 1034 1511; x_wconf 88' lang='lat' dir='ltr'>prouincia</span> <span class='ocrx_word' id='word_1_158' title='bbox 1062 1463 1105 1499; x_wconf 87' lang='lat' dir='ltr'>in</span> <span class='ocrx_word' id='word_1_159' title='bbox 1134 1475 1266 1500; x_wconf 85' lang='lat' dir='ltr'>errore</span> <span class='ocrx_word' id='word_1_160' title='bbox 1289 1464 1448 1499; x_wconf 81' lang='lat' dir='ltr'>uersata</span> <span class='ocrx_word' id='word_1_161' title='bbox 1467 1463 1540 1509; x_wconf 84' lang='lat' dir='ltr'>est,</span> 
     </span>
     <span class='ocr_line' id='line_1_22' title="bbox 285 1526 1545 1576; baseline -0.001 -12"><span class='ocrx_word' id='word_1_162' title='bbox 285 1527 412 1564; x_wconf 88' lang='lat' dir='ltr'>donec</span> <span class='ocrx_word' id='word_1_163' title='bbox 440 1527 593 1576; x_wconf 89' lang='lat' dir='ltr'>accepit</span> <span class='ocrx_word' id='word_1_164' title='bbox 625 1526 826 1576; x_wconf 73' lang='lat' dir='ltr'>regnum²</span> <span class='ocrx_word' id='word_1_165' title='bbox 849 1527 973 1564; x_wconf 88' lang='lat' dir='ltr'>frater</span> <span class='ocrx_word' id='word_1_166' title='bbox 1001 1528 1184 1565; x_wconf 83' lang='lat' dir='ltr'>eiusdem</span> <span class='ocrx_word' id='word_1_167' title='bbox 1205 1527 1428 1575; x_wconf 89' lang='lat' dir='ltr'>Eorpualdi</span> <span class='ocrx_word' id='word_1_168' title='bbox 1460 1526 1545 1576; x_wconf 81' lang='lat' dir='ltr'>Sig-</span> 
     </span>
     <span class='ocr_line' id='line_1_23' title="bbox 283 1591 1540 1641; baseline 0 -12"><span class='ocrx_word' id='word_1_169' title='bbox 283 1591 407 1639; x_wconf 72' lang='lat' dir='ltr'>berct,</span> <span class='ocrx_word' id='word_1_170' title='bbox 432 1592 496 1629; x_wconf 89' lang='lat' dir='ltr'>uir</span> <span class='ocrx_word' id='word_1_171' title='bbox 517 1606 590 1641; x_wconf 91' lang='lat' dir='ltr'>per</span> <span class='ocrx_word' id='word_1_172' title='bbox 617 1592 755 1630; x_wconf 88' lang='lat' dir='ltr'>omnia</span> <span class='ocrx_word' id='word_1_173' title='bbox 789 1592 1167 1630; x_wconf 83' lang='lat' dir='ltr'>Christianissimus</span> <span class='ocrx_word' id='word_1_174' title='bbox 1195 1605 1239 1630; x_wconf 89' lang='lat' dir='ltr'>ac</span> <span class='ocrx_word' id='word_1_175' title='bbox 1269 1591 1540 1636; x_wconf 82' lang='lat' dir='ltr'>doctissimus,</span> 
     </span>
     <span class='ocr_line' id='line_1_24' title="bbox 55 1657 1544 1706; baseline -0.002 -9"><span class='ocrx_word' id='word_1_176' title='bbox 55 1671 235 1698; x_wconf 79' lang='lat' dir='ltr'>Christian·</span> <span class='ocrx_word' id='word_1_177' title='bbox 284 1657 364 1706; x_wconf 86' lang='lat' dir='ltr'>qui.</span> <span class='ocrx_word' id='word_1_178' title='bbox 382 1657 550 1695; x_wconf 90' lang='lat' dir='ltr'>uiuente</span> <span class='ocrx_word' id='word_1_179' title='bbox 570 1658 701 1695; x_wconf 85' lang='lat' dir='ltr'>adhuc</span> <span class='ocrx_word' id='word_1_180' title='bbox 722 1658 857 1705; x_wconf 74' lang='lat' dir='ltr'>fratre,</span> <span class='ocrx_word' id='word_1_181' title='bbox 887 1671 981 1695; x_wconf 85' lang='lat' dir='ltr'>cum</span> <span class='ocrx_word' id='word_1_182' title='bbox 1009 1658 1188 1695; x_wconf 77' lang='lat' dir='ltr'>exularet</span> <span class='ocrx_word' id='word_1_183' title='bbox 1211 1658 1254 1695; x_wconf 90' lang='lat' dir='ltr'>in</span> <span class='ocrx_word' id='word_1_184' title='bbox 1282 1657 1424 1705; x_wconf 77' lang='lat' dir='ltr'>Gallia,</span> <span class='ocrx_word' id='word_1_185' title='bbox 1449 1657 1544 1695; x_wconf 86' lang='lat' dir='ltr'>fidei</span> 
     </span>
     <span class='ocr_line' id='line_1_25' title="bbox 52 1710 1545 1783; baseline 0 -23"><span class='ocrx_word' id='word_1_186' title='bbox 52 1710 260 1783; x_wconf 52' lang='lat' dir='ltr'>iES{{{(ff11}ii2z</span> <span class='ocrx_word' id='word_1_187' title='bbox 283 1723 548 1761; x_wconf 88' lang='lat' dir='ltr'>sacramentis</span> <span class='ocrx_word' id='word_1_188' title='bbox 574 1723 744 1761; x_wconf 86' lang='lat' dir='ltr'>inbutus</span> <span class='ocrx_word' id='word_1_189' title='bbox 770 1725 842 1771; x_wconf 80' lang='lat' dir='ltr'>est,</span> <span class='ocrx_word' id='word_1_190' title='bbox 874 1737 1048 1772; x_wconf 87' lang='lat' dir='ltr'>quorum</span> <span class='ocrx_word' id='word_1_191' title='bbox 1075 1723 1325 1772; x_wconf 75' lang='lat' dir='ltr'>participem,</span> <span class='ocrx_word' id='word_1_192' title='bbox 1350 1736 1447 1760; x_wconf 80' lang='lat' dir='ltr'>mox</span> <span class='ocrx_word' id='word_1_193' title='bbox 1474 1722 1545 1761; x_wconf 88' lang='lat' dir='ltr'>ubi</span> 
     </span>
     <span class='ocr_line' id='line_1_26' title="bbox 54 1782 1539 1838; baseline 0 -12"><span class='ocrx_word' id='word_1_194' title='bbox 54 1789 161 1816; x_wconf 73' lang='lat' dir='ltr'>under</span> <span class='ocrx_word' id='word_1_195' title='bbox 176 1782 244 1824; x_wconf 72' lang='lat' dir='ltr'>sig·</span> <span class='ocrx_word' id='word_1_196' title='bbox 283 1802 452 1838; x_wconf 79' lang='lat' dir='ltr'>regnare</span> <span class='ocrx_word' id='word_1_197' title='bbox 480 1788 622 1837; x_wconf 86' lang='lat' dir='ltr'>coepit,</span> <span class='ocrx_word' id='word_1_198' title='bbox 647 1790 777 1826; x_wconf 87' lang='lat' dir='ltr'>totam</span> <span class='ocrx_word' id='word_1_199' title='bbox 804 1802 920 1826; x_wconf 87' lang='lat' dir='ltr'>suam</span> <span class='ocrx_word' id='word_1_200' title='bbox 947 1788 1199 1837; x_wconf 89' lang='lat' dir='ltr'>prouinciam</span> <span class='ocrx_word' id='word_1_201' title='bbox 1223 1789 1350 1826; x_wconf 86' lang='lat' dir='ltr'>facere</span> <span class='ocrx_word' id='word_1_202' title='bbox 1371 1788 1539 1827; x_wconf 87' lang='lat' dir='ltr'>curauit.</span> 
     </span>
    </p>
   </div>
   <div class='ocr_carea' id='block_1_6' title="bbox 53 1829 1545 2492">
    <p class='ocr_par' dir='ltr' id='par_1_8' title="bbox 53 1829 1545 2492">
     <span class='ocr_line' id='line_1_27' title="bbox 53 1829 1545 1903; baseline -0.003 -8"><span class='ocrx_word' id='word_1_203' title='bbox 53 1829 205 1903; x_wconf 46' lang='grc' dir='ltr'>ἒῖξῖιὲζᾱ</span> <span class='ocrx_word' id='word_1_204' title='bbox 283 1855 409 1892; x_wconf 85' lang='lat' dir='ltr'>Cuius</span> <span class='ocrx_word' id='word_1_205' title='bbox 438 1854 586 1892; x_wconf 82' lang='lat' dir='ltr'>studiis</span> <span class='ocrx_word' id='word_1_206' title='bbox 614 1854 904 1903; x_wconf 84' lang='lat' dir='ltr'>gloriosissime</span> <span class='ocrx_word' id='word_1_207' title='bbox 934 1854 1037 1891; x_wconf 85' lang='lat' dir='ltr'>fauit</span> <span class='ocrx_word' id='word_1_208' title='bbox 1069 1854 1185 1891; x_wconf 79' lang='lat' dir='ltr'>Felix</span> <span class='ocrx_word' id='word_1_209' title='bbox 1216 1854 1437 1903; x_wconf 82' lang='lat' dir='ltr'>episcopus,</span> <span class='ocrx_word' id='word_1_210' title='bbox 1474 1853 1545 1903; x_wconf 89' lang='lat' dir='ltr'>qui</span> 
     </span>
     <span class='ocr_line' id='line_1_28' title="bbox 55 1907 1539 1970; baseline 0.001 -13"><span class='ocrx_word' id='word_1_211' title='bbox 55 1907 154 1935; x_wconf 80' lang='lat' dir='ltr'>Felix.</span> <span class='ocrx_word' id='word_1_212' title='bbox 283 1920 333 1958; x_wconf 90' lang='lat' dir='ltr'>de</span> <span class='ocrx_word' id='word_1_213' title='bbox 354 1920 689 1970; x_wconf 81' lang='lat' dir='ltr'>Burgundiorum</span> <span class='ocrx_word' id='word_1_214' title='bbox 713 1920 907 1969; x_wconf 67' lang='lat' dir='ltr'>partibus,</span> <span class='ocrx_word' id='word_1_215' title='bbox 931 1920 1003 1958; x_wconf 88' lang='lat' dir='ltr'>ubi</span> <span class='ocrx_word' id='word_1_216' title='bbox 1030 1922 1142 1958; x_wconf 86' lang='lat' dir='ltr'>ortus</span> <span class='ocrx_word' id='word_1_217' title='bbox 1169 1925 1208 1958; x_wconf 85' lang='lat' dir='ltr'>et</span> <span class='ocrx_word' id='word_1_218' title='bbox 1235 1920 1447 1958; x_wconf 89' lang='lat' dir='ltr'>ordinatus</span> <span class='ocrx_word' id='word_1_219' title='bbox 1467 1923 1539 1969; x_wconf 90' lang='lat' dir='ltr'>est,</span> 
     </span>
     <span class='ocr_line' id='line_1_29' title="bbox 283 1986 1545 2035; baseline 0.001 -12"><span class='ocrx_word' id='word_1_220' title='bbox 283 1999 377 2024; x_wconf 88' lang='lat' dir='ltr'>cum</span> <span class='ocrx_word' id='word_1_221' title='bbox 404 1986 587 2023; x_wconf 86' lang='lat' dir='ltr'>uenisset</span> <span class='ocrx_word' id='word_1_222' title='bbox 615 1986 663 2023; x_wconf 91' lang='lat' dir='ltr'>ad</span> <span class='ocrx_word' id='word_1_223' title='bbox 695 1986 930 2023; x_wconf 89' lang='lat' dir='ltr'>Honorium</span> <span class='ocrx_word' id='word_1_224' title='bbox 957 1986 1318 2034; x_wconf 83' lang='lat' dir='ltr'>archiepiscopum,</span> <span class='ocrx_word' id='word_1_225' title='bbox 1343 1987 1461 2035; x_wconf 90' lang='lat' dir='ltr'>eique</span> <span class='ocrx_word' id='word_1_226' title='bbox 1487 1986 1545 2024; x_wconf 89' lang='lat' dir='ltr'>in-</span> 
     </span>
     <span class='ocr_line' id='line_1_30' title="bbox 284 2050 1543 2099; baseline 0.002 -12"><span class='ocrx_word' id='word_1_227' title='bbox 284 2050 456 2088; x_wconf 84' lang='lat' dir='ltr'>dicasset</span> <span class='ocrx_word' id='word_1_228' title='bbox 478 2050 727 2088; x_wconf 87' lang='lat' dir='ltr'>desiderium</span> <span class='ocrx_word' id='word_1_229' title='bbox 748 2064 880 2098; x_wconf 80' lang='lat' dir='ltr'>suum,</span> <span class='ocrx_word' id='word_1_230' title='bbox 905 2050 1020 2087; x_wconf 86' lang='lat' dir='ltr'>misit</span> <span class='ocrx_word' id='word_1_231' title='bbox 1041 2063 1135 2087; x_wconf 87' lang='lat' dir='ltr'>eum</span> <span class='ocrx_word' id='word_1_232' title='bbox 1155 2051 1205 2087; x_wconf 87' lang='lat' dir='ltr'>ad</span> <span class='ocrx_word' id='word_1_233' title='bbox 1224 2051 1543 2099; x_wconf 87' lang='lat' dir='ltr'>praedicandum</span> 
     </span>
     <span class='ocr_line' id='line_1_31' title="bbox 283 2115 1545 2164; baseline 0.002 -11"><span class='ocrx_word' id='word_1_234' title='bbox 283 2116 459 2153; x_wconf 86' lang='lat' dir='ltr'>uerbum</span> <span class='ocrx_word' id='word_1_235' title='bbox 482 2116 589 2153; x_wconf 85' lang='lat' dir='ltr'>uitae</span> <span class='ocrx_word' id='word_1_236' title='bbox 608 2116 812 2164; x_wconf 84' lang='lat' dir='ltr'>praefatae</span> <span class='ocrx_word' id='word_1_237' title='bbox 825 2116 837 2134; x_wconf 75' lang='lat'><strong>³</strong></span> <span class='ocrx_word' id='word_1_238' title='bbox 862 2116 1019 2153; x_wconf 85' lang='lat' dir='ltr'>nationi</span> <span class='ocrx_word' id='word_1_239' title='bbox 1038 2115 1283 2164; x_wconf 79' lang='lat' dir='ltr'>Anglorum.</span> <span class='ocrx_word' id='word_1_240' title='bbox 1345 2116 1428 2154; x_wconf 87' lang='lat' dir='ltr'>Nec</span> <span class='ocrx_word' id='word_1_241' title='bbox 1448 2119 1545 2155; x_wconf 85' lang='lat' dir='ltr'>uota</span> 
     </span>
     <span class='ocr_line' id='line_1_32' title="bbox 284 2181 1545 2231; baseline 0.002 -13"><span class='ocrx_word' id='word_1_242' title='bbox 284 2181 413 2230; x_wconf 85' lang='lat' dir='ltr'>ipsius</span> <span class='ocrx_word' id='word_1_243' title='bbox 440 2182 482 2218; x_wconf 87' lang='lat' dir='ltr'>in</span> <span class='ocrx_word' id='word_1_244' title='bbox 511 2194 669 2218; x_wconf 87' lang='lat' dir='ltr'>cassum</span> <span class='ocrx_word' id='word_1_245' title='bbox 694 2181 896 2229; x_wconf 88' lang='lat' dir='ltr'>cecidere;</span> <span class='ocrx_word' id='word_1_246' title='bbox 936 2181 1037 2231; x_wconf 90' lang='lat' dir='ltr'>quin</span> <span class='ocrx_word' id='word_1_247' title='bbox 1056 2181 1192 2229; x_wconf 81' lang='lat' dir='ltr'>potius</span> <span class='ocrx_word' id='word_1_248' title='bbox 1220 2181 1403 2219; x_wconf 87' lang='lat' dir='ltr'>fructum</span> <span class='ocrx_word' id='word_1_249' title='bbox 1427 2183 1473 2219; x_wconf 90' lang='lat' dir='ltr'>in</span> <span class='ocrx_word' id='word_1_250' title='bbox 1499 2196 1545 2221; x_wconf 84' lang='lat' dir='ltr'>ea</span> 
     </span>
     <span class='ocr_line' id='line_1_33' title="bbox 281 2246 1544 2296; baseline 0.001 -12"><span class='ocrx_word' id='word_1_251' title='bbox 281 2247 557 2296; x_wconf 87' lang='lat' dir='ltr'>multiplicem</span> <span class='ocrx_word' id='word_1_252' title='bbox 579 2247 837 2284; x_wconf 89' lang='lat' dir='ltr'>credentium</span> <span class='ocrx_word' id='word_1_253' title='bbox 860 2247 1109 2296; x_wconf 88' lang='lat' dir='ltr'>populorum</span> <span class='ocrx_word' id='word_1_254' title='bbox 1129 2246 1222 2295; x_wconf 86' lang='lat' dir='ltr'>pius</span> <span class='ocrx_word' id='word_1_255' title='bbox 1242 2247 1329 2296; x_wconf 83' lang='lat' dir='ltr'>agri</span> <span class='ocrx_word' id='word_1_256' title='bbox 1349 2247 1544 2295; x_wconf 86' lang='lat' dir='ltr'>spiritalis</span> 
     </span>
     <span class='ocr_line' id='line_1_34' title="bbox 282 2312 1539 2361; baseline 0.002 -12"><span class='ocrx_word' id='word_1_257' title='bbox 282 2313 415 2350; x_wconf 85' lang='lat' dir='ltr'>cultor</span> <span class='ocrx_word' id='word_1_258' title='bbox 452 2312 622 2350; x_wconf 87' lang='lat' dir='ltr'>inuenit.</span> <span class='ocrx_word' id='word_1_259' title='bbox 702 2312 914 2361; x_wconf 83' lang='lat' dir='ltr'>Siquidem</span> <span class='ocrx_word' id='word_1_260' title='bbox 952 2314 1082 2349; x_wconf 90' lang='lat' dir='ltr'>totam</span> <span class='ocrx_word' id='word_1_261' title='bbox 1120 2312 1236 2349; x_wconf 88' lang='lat' dir='ltr'>illam</span> <span class='ocrx_word' id='word_1_262' title='bbox 1274 2313 1539 2361; x_wconf 78' lang='lat' dir='ltr'>prouinciam,</span> 
     </span>
     <span class='ocr_line' id='line_1_35' title="bbox 281 2377 1543 2427; baseline 0.001 -12"><span class='ocrx_word' id='word_1_263' title='bbox 281 2377 395 2415; x_wconf 80' lang='lat' dir='ltr'>iuxta</span> <span class='ocrx_word' id='word_1_264' title='bbox 434 2378 498 2415; x_wconf 91' lang='lat' dir='ltr'>sui</span> <span class='ocrx_word' id='word_1_265' title='bbox 536 2377 718 2415; x_wconf 89' lang='lat' dir='ltr'>nominis</span> <span class='ocrx_word' id='word_1_266' title='bbox 755 2379 1065 2425; x_wconf 74' lang='lat' dir='ltr'>sacramentum,</span> <span class='ocrx_word' id='word_1_267' title='bbox 1108 2391 1129 2415; x_wconf 90' lang='lat' dir='ltr'>a</span> <span class='ocrx_word' id='word_1_268' title='bbox 1168 2378 1289 2427; x_wconf 83' lang='lat' dir='ltr'>longa</span> <span class='ocrx_word' id='word_1_269' title='bbox 1327 2377 1543 2427; x_wconf 83' lang='lat' dir='ltr'>iniquitate</span> 
     </span>
     <span class='ocr_line' id='line_1_36' title="bbox 281 2442 1537 2492; baseline 0 -12"><span class='ocrx_word' id='word_1_270' title='bbox 281 2444 403 2491; x_wconf 85' lang='lat' dir='ltr'>atque</span> <span class='ocrx_word' id='word_1_271' title='bbox 423 2443 663 2480; x_wconf 83' lang='lat' dir='ltr'>infelicitate</span> <span class='ocrx_word' id='word_1_272' title='bbox 684 2442 910 2490; x_wconf 75' lang='lat' dir='ltr'>liberatam,</span> <span class='ocrx_word' id='word_1_273' title='bbox 932 2443 981 2480; x_wconf 88' lang='lat' dir='ltr'>ad</span> <span class='ocrx_word' id='word_1_274' title='bbox 1001 2442 1126 2480; x_wconf 87' lang='lat' dir='ltr'>fidem</span> <span class='ocrx_word' id='word_1_275' title='bbox 1147 2444 1186 2480; x_wconf 89' lang='lat' dir='ltr'>et</span> <span class='ocrx_word' id='word_1_276' title='bbox 1207 2456 1327 2492; x_wconf 87' lang='lat' dir='ltr'>opera</span> <span class='ocrx_word' id='word_1_277' title='bbox 1347 2443 1537 2491; x_wconf 86' lang='lat' dir='ltr'>iustitiae,</span> 
     </span>
    </p>
   </div>
   <div class='ocr_carea' id='block_1_7' title="bbox 280 2508 1541 2558">
    <p class='ocr_par' dir='ltr' id='par_1_9' title="bbox 280 2508 1541 2558">
     <span class='ocr_line' id='line_1_37' title="bbox 280 2508 1541 2558; baseline 0 -12"><span class='ocrx_word' id='word_1_278' title='bbox 280 2522 325 2546; x_wconf 89' lang='lat' dir='ltr'>ac</span> <span class='ocrx_word' id='word_1_279' title='bbox 345 2510 565 2557; x_wconf 84' lang='lat' dir='ltr'>perpetuae</span> <span class='ocrx_word' id='word_1_280' title='bbox 580 2508 786 2546; x_wconf 84' lang='lat' dir='ltr'>felicitatis</span> <span class='ocrx_word' id='word_1_281' title='bbox 807 2509 913 2545; x_wconf 88' lang='lat' dir='ltr'>dona</span> <span class='ocrx_word' id='word_1_282' title='bbox 928 2508 1130 2557; x_wconf 78' lang='lat' dir='ltr'>perduxit,</span> <span class='ocrx_word' id='word_1_283' title='bbox 1150 2509 1382 2558; x_wconf 81' lang='lat' dir='ltr'>accepitque</span> <span class='ocrx_word' id='word_1_284' title='bbox 1403 2509 1541 2547; x_wconf 86' lang='lat' dir='ltr'>sedem</span> 
     </span>
    </p>
   </div>
   <div class='ocr_carea' id='block_1_8' title="bbox 324 2593 1498 2637">
    <p class='ocr_par' dir='ltr' id='par_1_10' title="bbox 324 2593 1498 2637">
     <span class='ocr_line' id='line_1_38' title="bbox 324 2593 1498 2637; baseline 0 -11"><span class='ocrx_word' id='word_1_285' title='bbox 324 2593 335 2611; x_wconf 84' lang='lat'><strong>¹</strong></span> <span class='ocrx_word' id='word_1_286' title='bbox 359 2596 517 2626; x_wconf 83' lang='lat' dir='ltr'>—berchto</span> <span class='ocrx_word' id='word_1_287' title='bbox 535 2596 570 2628; x_wconf 82' lang='lat' dir='ltr'>C.</span> <span class='ocrx_word' id='word_1_288' title='bbox 692 2594 704 2612; x_wconf 75' lang='lat'>²</span> <span class='ocrx_word' id='word_1_289' title='bbox 727 2605 885 2637; x_wconf 84' lang='lat' dir='ltr'>regnum,</span> <span class='ocrx_word' id='word_1_290' title='bbox 903 2598 1002 2627; x_wconf 78' lang='lat' dir='ltr'>added</span> <span class='ocrx_word' id='word_1_291' title='bbox 1018 2606 1055 2627; x_wconf 84' lang='lat' dir='ltr'>on</span> <span class='ocrx_word' id='word_1_292' title='bbox 1070 2598 1193 2635; x_wconf 71' lang='lat' dir='ltr'>marqin</span> <span class='ocrx_word' id='word_1_293' title='bbox 1210 2595 1258 2628; x_wconf 87' lang='lat' dir='ltr'>M.</span> <span class='ocrx_word' id='word_1_294' title='bbox 1354 2595 1368 2613; x_wconf 77' lang='lat'><strong>³</strong></span> <span class='ocrx_word' id='word_1_295' title='bbox 1392 2595 1435 2626; x_wconf 88' lang='lat' dir='ltr'>-ti</span> <span class='ocrx_word' id='word_1_296' title='bbox 1451 2596 1498 2627; x_wconf 88' lang='lat' dir='ltr'>M.</span> 
     </span>
    </p>
   </div>
   <div class='ocr_carea' id='block_1_9' title="bbox 1735 0 1803 2887">
    <p class='ocr_par' dir='ltr' id='par_1_11' title="bbox 1735 0 1803 2887">
     <span class='ocr_line' id='line_1_39' title="bbox 1735 0 1803 2887; baseline 0 0"><span class='ocrx_word' id='word_1_297' title='bbox 1735 0 1803 2887; x_wconf 95' lang='lat' dir='ltr'> </span> 
     </span>
    </p>
   </div>
  </div>
 </body>
</html>
