1803 2887
78 1593 196 1627 Oswy's

76 1633 183 1661 votive

76 1672 239 1708 offerings.

326 163 409 202 178
686 161 894 203 Historia
925 161 1230 203 Eeclesiastiea
1415 167 1501 209 [Lm.
1521 172 1579 202 ΙΙΙ.

324 278 528 327 siquidem
566 279 645 328 ipsi
685 279 808 316 XXX
848 279 1031 328 legiones
1069 277 1242 316 ducibus
1280 277 1577 317 nobilissimis¹

322 344 543 382 instructas
581 345 624 382 in
663 344 773 381 bello
810 344 998 391 habuere,
1034 343 1184 393 quibus
1217 343 1345 381 Osuiu
1380 357 1450 381 rex
1484 358 1578 382 cum

321 409 538 447 Alchfrido
551 410 564 430 ²
584 409 681 453 filio,
706 423 964 459 perparuum,
983 412 1028 447 ut
1049 409 1144 457 dixi,
1161 409 1317 446 habens
1338 410 1574 457 exercitum,

320 474 391 511 sed
416 475 579 512 Christo
605 475 705 512 duce
735 475 924 522 confisus,
950 474 1134 512 occurrit.
1197 473 1304 511 Nam
1333 474 1438 511 alius
1466 474 1577 512 filius

318 539 406 577 eius
427 540 594 589 Ecgfrid
607 541 619 560 ³
641 554 686 577 eo
706 542 889 590 tempore
910 540 953 577 in
973 539 1185 589 prouincia
1204 539 1449 577 Merciorum
1469 541 1577 589 apud

319 605 504 654 reginam
518 606 698 656 Cynuise
712 606 723 624 ⁴¹
740 606 856 644 obses
870 606 1106 652 tenebatur;
1128 605 1239 642 filius
1255 607 1393 642 autem
1408 605 1576 644 Osualdi

318 671 425 720 regis
446 672 665 721 oidiluald,
691 673 762 722 qui
788 672 846 710 eis
872 671 1024 710 auxilio
1051 684 1138 708 esse
1159 671 1365 727 debuerat,⁴
1388 671 1432 708 in
1462 673 1576 720 parte

319 738 405 774 erat
452 738 789 785 aduersariorum,
842 738 1078 786 eisdemque
1127 738 1267 774 eontra
1313 736 1488 785 patriam
1536 739 1575 775 et

315 804 508 850 patruum
539 817 662 842 suum
691 803 934 853 pugnaturis
965 803 1110 841 ductor
1139 802 1361 849 exstiterat,
1386 803 1575 851 quamuis

315 867 405 916 ipso
422 868 435 887 ⁵
471 871 655 918 tempore
701 869 913 919 pugnandi
961 881 1048 906 sese
1095 881 1256 917 pugnae
1303 867 1569 916 subtraxerat,

317 936 596 984 euentumque
610 935 860 973 diseriminis
873 935 963 972 tuto
979 934 1023 971 in
1037 934 1124 971 loco
1137 933 1407 982 exspectabat.
1460 934 1573 972 Inito

316 1011 411 1048 ergo
432 1001 653 1039 certamine
679 1001 811 1050 fugati
836 1003 933 1038 sunt
955 1003 995 1038 et
1015 1000 1120 1038 caesi
1145 999 1302 1049 pagani,
1329 1000 1451 1037 duces
1471 999 1572 1049 regii

315 1065 450 1115 XXX,
485 1067 556 1115 qui
585 1067 635 1104 ad
665 1067 867 1104 auxilium
896 1068 1109 1114 uenerant,
1143 1079 1245 1115 pene
1276 1078 1418 1103 omnes
1446 1065 1571 1103 inter-

312 1131 409 1169 fecti
426 1146 434 1179 ;
464 1132 508 1169 in
529 1132 678 1181 quibus
697 1132 910 1170 Aedilheri
923 1133 945 1180 ⁶,
970 1131 1094 1169 frater
1113 1132 1237 1169 Anna
1257 1132 1363 1181 regis
1384 1131 1569 1170 Orienta—

312 1196 417 1234 lium
446 1199 693 1247 Anglorum,
729 1198 799 1248 qui
832 1199 925 1247 post
954 1211 1048 1235 eum
1078 1198 1275 1247 regnauit,
1310 1199 1451 1235 auctor
1483 1197 1570 1247 ipse

311 1262 421 1311 belli,
446 1264 617 1313 perditis
646 1264 852 1302 militibus
882 1263 969 1301 siue
998 1263 1163 1301 auxiliis
1191 1263 1438 1301 interemtus
1462 1265 1524 1301 est
1540 1264 1563 1301 ⁷.

311 1328 365 1366 Et
398 1329 493 1378 quia
523 1343 650 1379 prope
681 1330 857 1368 fluuium
888 1329 1104 1368 Uinuaed8
1133 1331 1362 1378 pugnatum
1394 1332 1466 1377 est,
1498 1329 1568 1379 qui

309 1396 407 1432 tunc
445 1409 540 1444 prae
574 1396 819 1434 inundantia
856 1395 1093 1445 pluuiarum
1131 1395 1213 1432 late
1247 1395 1411 1432 alueum
1445 1408 1567 1433 suum

308 1460 437 1498 immo
459 1475 603 1500 omnes
630 1462 737 1510 ripas
762 1475 855 1500 suas
875 1461 1092 1500 transierat
1106 1462 1127 1509 ⁹,
1153 1461 1335 1510 contigit,
1361 1464 1407 1500 ut
1433 1462 1566 1500 multo

280 1556 282 1562 .
307 1526 446 1574 plures
465 1540 570 1576 aqua
590 1528 805 1577 fugientes,
830 1540 952 1576 quam
972 1527 1175 1565 bellantes
1195 1527 1383 1576 perderet
1403 1528 1524 1566 ensis.

361 1591 509 1629 Γ11111111Ο
530 1606 601 1630 rex
628 1593 768 1640 Osuiu,
796 1593 910 1631 iuxta
937 1594 1044 1642 quod
1072 1593 1253 1630 Domino
1281 1596 1460 1641 uouerat,
1491 1607 1565 1642 pro

309 1658 468 1696 conlata
497 1659 573 1696 sibi
603 1659 772 1697 uictoria
798 1659 948 1709 gratias
975 1660 1061 1697 Deo
1090 1659 1269 1697 referens
1295 1659 1408 1697 dedit
1434 1659 1564 1698 filiam

315 1736 434 1761 suam
463 1724 746 1773 Aelfflecla1n¹¹‚
773 1739 875 1774 quae
904 1725 1075 1762 uixdum
1108 1725 1231 1762 unius
1260 1724 1359 1762 anni
1389 1727 1564 1764 aetatem

304 1788 543 1838 inpleuerat‚
568 1793 763 1839 perpetua
793 1791 830 1828 ei
858 1790 1093 1840 uirginitate
1119 1790 1459 1838 consecrandam3
1493 1791 1561 1829 do-

304 1856 413 1893 natis
438 1856 607 1905 insuper
627 1857 715 1894 XII
737 1856 1079 1905 possessiunculis
1102 1858 1316 1904 terrarum,
1342 1856 1386 1894 in
1413 1856 1563 1906 quibus

302 1920 439 1959 ablato
469 1922 605 1960 studio
636 1922 808 1960 militiae
838 1921 1053 1969 terrestris,
1078 1922 1128 1959 ad
1158 1922 1426 1959 exercendam
1455 1922 1561 1960 mili-

302 1985 404 2024 tiam
425 1988 651 2035 caelestem‚
677 1988 1075 2037 supplicandumque
1102 2000 1175 2036 pro
1202 2000 1298 2036 pace
1319 1987 1454 2036 gentis
1474 1989 1561 2026 eius

301 2053 474 2100 aeterna⁷
514 2053 725 2091 deuotioni
759 2053 923 2091 sedulae
956 2053 1254 2090 monachorum
1289 2053 1402 2091 locus
1433 2053 1558 2092 facul-

300 2120 443 2167 tasque
469 2121 712 2168 suppeteret.
773 2119 807 2156 E
830 2118 978 2168 quibus
998 2118 1189 2156 uidelicet
1216 2118 1559 2167 possessiunculis

302 2196 372 2220 sex
401 2183 445 2221 in
473 2185 684 2233 prouincia
714 2185 926 2231 Del-orum,
951 2197 1021 2221 sex
1048 2183 1092 2221 in
1118 2183 1404 2221 Berniciorum
1430 2184 1553 2222 dedit.

301 2248 494 2297 Singulae
521 2263 618 2287 uero
645 2250 922 2299 possessiones
943 2250 983 2286 X
1003 2251 1119 2287 erant
1144 2249 1407 2299 familiarum,
1432 2249 1474 2288 id
1495 2252 1556 2288 est

298 2313 425 2352 simul
464 2328 608 2353 omnes
646 2315 771 2354 CXX.
838 2315 1018 2353 Intrauit
1055 2317 1192 2353 autem
1231 2315 1411 2364 praefata
1448 2316 1554 2366 regis

340 2401 348 2418 ¹
374 2402 608 2433 nouilissimis
625 2402 674 2434 (3¹.
784 2402 795 2419 ²
819 2403 974 2433 alhfrido
992 2403 1027 2433 C.
1130 2402 1141 2418 ³
1166 2403 1278 2433 ecfrid
1295 2404 1336 2434 N.
1439 2403 1449 2421 ⁴
1473 2415 1555 2444 cyn-

295 2454 389 2484 uisse
406 2453 447 2485 B.
492 2457 571 2485 Here
590 2458 635 2485 tlte
656 2458 788 2493 oriyimel
803 2458 888 2485 72<sz
907 2458 941 2494 (ff
959 2455 1004 2494 Hl
1022 2466 1156 2485 resumes
1178 2458 1256 2494 after
1278 2460 1323 2487 tlte
1347 2459 1485 2495 lacuna,-
1512 2467 1555 2487 see

294 2509 357 2536 nole
374 2505 393 2545 ⁵,
412 2515 446 2545 p.
466 2515 537 2544 154.
714 2509 724 2525 ⁵
747 2508 821 2547 ipse
838 2509 880 2538 N.
1036 2508 1047 2526 ⁶
1069 2510 1249 2540 aedilhere
1267 2509 1313 2547 C;
1341 2509 1492 2540 edilheri
1509 2509 1553 2540 N.

293 2555 305 2571 ⁷
326 2559 377 2588 est
395 2568 454 2588 om.
472 2558 518 2589 M.
615 2559 626 2577 ³
649 2560 783 2590 uinued
801 2560 837 2591 C.
855 2561 894 2592 B.
912 2561 954 2591 N.
1065 2561 1077 2578 ⁹
1100 2562 1162 2592 —rit
1179 2562 1236 2593 Ml.
1366 2561 1389 2578 ¹⁰
1411 2563 1498 2594 tune
1515 2562 1552 2593 C.

294 2607 317 2625 ¹¹
341 2610 550 2641 aelbfled-<un
567 2611 608 2643 B.
625 2611 668 2642 N.
