1803 2887
253 171 330 201 CAP.
349 166 474 207 xxm]
654 157 804 200 Gentis
835 156 1103 210 Anylomwn.
1425 154 1504 193 171

252 275 339 312 eius
369 274 578 323 acciperet,
612 275 658 310 ut
688 273 732 310 in
764 271 1029 320 sequentibus
1060 269 1252 315 dicemus,
1286 267 1417 305 factus
1447 270 1506 305 est

250 340 402 377 Diuma
418 338 427 356 ¹
446 351 553 376 unus
581 351 631 376 ex
659 337 853 387 praefatis
873 335 971 373 1111
991 334 1268 372 sacerdotibus
1294 333 1507 381 episcopus

250 405 642 442 Mediterraneorum
687 402 924 451 Anglorum
977 400 1102 438 simul
1150 401 1190 436 et
1244 397 1503 443 Mereiorum,

251 469 466 507 ordinatus
503 482 526 506 a
564 468 723 506 Finano
755 467 954 516 episcopo.
1015 464 1206 502 Paucitas
1239 463 1350 501 enim
1384 475 1507 499 sacer-

251 539 395 576 dotum
408 537 574 587 cogebat
587 549 718 573 unum
733 534 964 572 antistitem
981 533 1140 570 duobus
1154 531 1316 581 populis
1329 530 1503 579 praefici,

252 602 331 649 Qui
369 615 462 639 cum
496 613 622 650 pauco
656 599 731 638 sub
770 602 953 648 tempore
992 611 1076 635 non
1115 609 1287 646 paucam
1327 594 1507 633 Domino

249 667 412 715 plebem
441 666 694 715 adquisisset,
729 665 947 702 defunctus
972 665 1034 701 est
1057 662 1165 712 apud
1187 662 1508 699 Mediterraneos

249 732 410 781 Anglos
437 731 482 768 in
511 731 686 781 regione,
713 743 816 779 quae
844 731 1013 767 uocatur
1042 727 1351 776 Infeppingum.
1413 726 1507 764 Sus-

251 797 469 846 cepitque²
499 809 572 845 pro
603 796 675 833 illo
711 796 991 844 episcopatum
1024 793 1225 839 Ceollach,
1265 793 1304 829 et
1338 791 1424 840 ipse
1459 791 1509 828 de

251 862 417 900 natione
437 862 682 908 Scottorum,
710 861 781 910 qui
804 874 888 898 non
911 860 1044 897 multo
1070 860 1172 908 post,
1198 857 1340 895 relicto
1362 856 1508 905 episco-

250 929 358 976 patu,
397 940 583 964 reuersus
617 929 678 964 est
713 927 763 964 ad
793 925 971 963 insulam
1003 924 1089 972 Hii,
1125 923 1197 961 ubi
1230 922 1508 971 plurimorum

251 995 371 1041 caput
388 994 427 1030 et
441 1005 576 1029 arcem
590 992 720 1030 Seotti
732 992 908 1029 habuere
922 989 1241 1035 coenobiorunf,
1267 988 1508 1026 succedente

250 1057 314 1095 illi
333 1058 379 1095 in
399 1058 677 1107 episcopatum
698 1057 919 1095 Trumheri
934 1057 957 1104 ¹¹,
984 1056 1072 1094 uiro
1099 1054 1290 1104 religioso
1311 1055 1352 1090 et
1372 1066 1509 1090 mona—

251 1123 362 1161 chica
394 1123 479 1161 uita
510 1124 713 1171 instituto,
749 1123 915 1160 natione
950 1122 1116 1171 quidem
1142 1119 1417 1169 Anglorumss,
1438 1119 1508 1156 sed

251 1202 273 1227 a
293 1189 444 1227 Scottis
460 1189 648 1227 ordinato
669 1188 868 1238 episcopo.
908 1187 1024 1236 Quod
1045 1185 1298 1235 temporibus
1315 1183 1508 1222 Uulfheri

250 1254 367 1304 regis,
393 1255 442 1292 de
464 1268 544 1304 quo
564 1254 609 1292 in
630 1254 897 1304 sequentibus
917 1253 1110 1300 dicemus,
1135 1252 1291 1289 factum
1311 1251 1383 1288 est.

735 1393 856 1432 CAP.
891 1392 1034 1430 XXII.

320 1494 355 1522 Ut
373 1494 538 1523 Orz'entsdes
554 1495 689 1522 Saxones
697 1494 804 1531 fidem,
823 1502 918 1528 qnam
935 1494 1055 1520 (Indum
1071 1492 1241 1520 abiecerunt
1252 1486 1272 1528 ⁶,
1292 1490 1348 1518 sub
1365 1498 1427 1525 1·qu

532 1547 678 1582 δίψει-(ω
688 1543 708 1584 ⁷,
724 1546 920 1581 praedicante
937 1546 1039 1582 Cecldo,
1058 1544 1227 1578 receperint.

304 1619 365 1658 Eo
395 1622 578 1669 tempore
607 1620 731 1658 etiam
761 1619 992 1658 Orientales
1022 1619 1203 1656 Saxones
1223 1617 1360 1663 fidem,
1386 1628 1508 1664 quam

251 1684 361 1733 olim,
405 1686 573 1735 expulso
605 1686 762 1723 Mellito
801 1685 997 1732 antistite,
1036 1683 1276 1730 abiecerant,
1313 1681 1510 1719 instantia

251 1751 357 1800 regis
396 1751 551 1790 Osuiu8
589 1754 841 1801 receperunt.
925 1752 1025 1789 Erat
1066 1750 1178 1788 enim
1216 1762 1288 1786 rex
1326 1748 1509 1786 eiusdem

250 1817 384 1865 gentis
413 1817 597 1866 sigberct
615 1818 638 1865 ⁹,
673 1819 743 1866 qui
780 1820 872 1866 post
912 1815 1211 1866 Sigberctum¹⁰
1238 1816 1510 1863 cognomento

251 1882 436 1920 Paruum
466 1884 666 1932 regnauit,
700 1883 857 1921 amicus
887 1882 1073 1920 eiusdem
1108 1881 1236 1919 Osuiu
1271 1881 1389 1928 regis,
1424 1879 1505 1928 qui,

251 1961 346 1985 cum
379 1948 616 1998 frequenter
646 1950 695 1987 ad
727 1962 822 1986 eum
856 1949 902 1986 in
932 1948 1190 1997 prouinciam
1226 1945 1511 1994 Nordanhym-

250 2014 450 2052 brorum¹l
467 2017 637 2064 ueniret,
658 2015 815 2053 solebat
834 2028 929 2052 eum
944 2014 1099 2052 hortari
1115 2014 1164 2052 ad
1180 2013 1509 2062 intellegendum

253 2081 349 2118 deos
387 2094 474 2119 esse
511 2094 596 2119 non
633 2094 760 2131 posse,
804 2081 875 2130 qui
918 2080 1138 2118 hominum
1185 2079 1376 2116 manibus
1414 2076 1510 2115 facti

254 2148 390 2184 essent
407 2161 415 2194 ;
445 2147 510 2184 dei
529 2147 693 2185 creandi
712 2147 926 2184 materiam
947 2146 1109 2195 lignum
1136 2145 1202 2182 uel
1223 2144 1404 2193 lapidem
1425 2156 1511 2181 esse

254 2224 339 2249 non
369 2225 497 2261 posse,
533 2226 709 2261 quorum
741 2212 940 2250 recisurae
972 2211 1039 2250 uel
1068 2211 1154 2261 igni
1185 2211 1508 2248 absumerentur,

253 2277 321 2314 uel
349 2277 393 2315 in
423 2291 518 2316 uasa
549 2278 752 2327 quaelibet
786 2277 960 2315 humani
994 2290 1094 2314 usus
1122 2276 1408 2321 formarentur,
1443 2273 1511 2311 uel

253 2344 360 2380 certe
393 2342 593 2391 dispectui
622 2343 762 2381 habita
795 2343 903 2380 foras
937 2342 1229 2392 proicerentur,
1265 2341 1304 2377 et
1334 2339 1509 2388 pedibus

295 2433 306 2450 ¹
329 2434 454 2465 diuina
470 2436 513 2467 N.
602 2434 614 2452 ²
637 2446 704 2475 que
720 2447 780 2467 om.
796 2435 843 2467 M.
931 2433 944 2454 3
969 2435 1219 2465 coenubiorum
1235 2432 1282 2464 M.
1378 2432 1389 2449 4
1413 2432 1511 2462 -here

253 2487 305 2524 B;
328 2488 524 2518 triumhere
541 2488 583 2519 N.
703 2489 714 2506 ⁵
737 2489 840 2528 anglo
857 2487 905 2519 M.
1020 2486 1032 2502 ⁶
1055 2488 1155 2517 —runt
1172 2486 1219 2517 M.
1336 2483 1347 2501 ⁷
1373 2484 1510 2515 -bereh-

254 2541 289 2569 to
306 2539 343 2570 C.
469 2540 479 2555 ³
513 2540 637 2571 osuuiu
663 2540 698 2573 C.
725 2543 797 2570 with
813 2542 896 2577 final
917 2549 941 2569 u
957 2542 1066 2569 altered
1090 2542 1115 2568 to
1138 2538 1162 2569 i.
1281 2537 1293 2554 ⁹
1317 2537 1436 2567 -berht
1461 2537 1509 2573 C;

253 2591 411 2622 -berecth
428 2592 470 2623 N.
542 2592 566 2610 ¹⁰
589 2593 784 2623 -berectum
802 2593 832 2623 N
849 2603 857 2631 ς
876 2591 1137 2632 sigeberchtum
1153 2591 1191 2622 C.
1258 2588 1281 2607 Π
1305 2590 1453 2621 norban-
1471 2590 1507 2620 C.

1532 276 1703 310 Episcopal

1531 324 1713 342 succession

1532 355 1566 381 111
1584 354 1712 382 Μετοίῆ,

1536 1624 1715 1651 Reeonver-

1534 1664 1605 1691 sion
1620 1663 1656 1690 of
1666 1664 1722 1691 the

1536 1704 1613 1730 East

1536 1744 1669 1772 Saxons,

1535 1792 1565 1809 A.
1575 1792 1602 1809 1).
1620 1784 1680 1815 653.
