1803 2887
315 161 401 203 316
672 159 881 201 Historia
911 158 1215 201 Ecclesia-stica
1427 165 1512 207 [Lm.
1533 169 1571 199 V.

90 288 138 316 He
153 296 226 316 con·
317 274 460 326 perat¹,
480 274 666 313 ueritatis
682 274 826 312 callem
838 275 1066 324 perducere,
1085 287 1160 312 nec
1175 273 1318 312 ualuit.
1352 273 1574 323 Nauigauit

88 327 250 395 ζξξξῖξξξ
320 341 566 380 Hiberniam
579 340 602 388 ²,
621 342 661 378 et
674 340 910 389 praedicans
927 339 995 387 eis,
1015 353 1060 378 ac
1076 339 1260 377 modesta
1273 339 1573 377 exhortatione³

89 405 185 433 1rish.
319 407 529 446 declarans
549 405 783 455 legitimum
803 405 976 454 paschae
998 407 1172 454 tempus,
1195 403 1397 453 plurimos
1417 417 1570 452 eorum,

320 474 359 510 et
379 484 484 521 pene
505 484 659 518 omnes,
684 471 756 520 qui
779 471 829 508 ab
850 469 1073 508 Hiensium
1100 469 1284 507 dominio
1305 470 1420 506 erant
1438 469 1569 516 liberi,

319 536 369 574 ab
390 549 523 574 errore
547 536 658 574 auito
683 537 893 583 correctos,
917 536 966 573 ad
994 534 1199 572 unitatem
1223 534 1385 571 reduxit
1409 533 1574 571 catholi-

318 615 417 649 cam,
438 615 482 639 ac
498 601 732 651 legitimum
748 601 919 650 paschae
934 602 1098 649 tempus
1114 599 1330 637 obseruare
1345 598 1568 648 perdocuit.

319 667 398 716 Qui
429 680 523 705 cum
554 666 757 704 celebrato
791 666 835 703 in
867 665 1068 703 Hibernia
1098 666 1292 703 canonico
1324 665 1484 713 pascha,
1522 665 1573 703 ad

318 746 435 771 suam
462 733 644 770 insulam
674 732 919 779 reuertisset,
945 744 1099 780 suoque
1127 730 1378 768 monasterio
1407 730 1574 768 catholi-

320 798 437 835 cam⁴1
470 797 669 846 temporis
706 797 909 847 paschalis
947 795 1248 834 obseruantiam
1277 795 1576 833 instantissime

320 862 580 913 praedicaret,
631 875 707 900 nec
747 864 887 900 tamen
935 861 1139 911 perficere,
1183 861 1291 910 quod
1340 861 1572 908 conabatur,

321 930 469 978 posset,
512 928 684 977 contigit
722 941 818 965 eum
856 930 952 965 ante
993 927 1202 977 expletum
1241 926 1338 963 anni
1378 926 1578 964 circulum

323 994 519 1044 migrasse
532 994 544 1013 ⁵
561 994 610 1031 de
627 993 797 1031 saeculo.
847 993 1001 1030 Diuina
1017 993 1160 1041 utique
1175 991 1303 1041 gratia
1320 991 1574 1040 disponente,

321 1062 367 1098 ut
394 1060 459 1097 uir
482 1059 656 1097 unitatis
681 1072 726 1096 ac
756 1058 865 1107 pacis
891 1057 1216 1096 studiosissimus
1243 1058 1339 1094 ante
1368 1056 1418 1094 ad
1448 1056 1580 1094 uitam

323 1126 533 1175 raperetur
558 1127 779 1171 aeternam,
805 1137 928 1173 quam
952 1123 1149 1161 redeunte
1172 1124 1358 1171 tempore
1384 1122 1574 1171 paschali,

323 1190 553 1240 grauiorem
578 1202 672 1227 cum
696 1189 764 1236 eis,
799 1189 870 1238 qui
896 1202 991 1226 eum
1014 1189 1063 1226 ad
1088 1188 1307 1226 ueritatem
1331 1186 1446 1237 sequi
1474 1187 1582 1224 nole-

323 1256 434 1303 bant,
460 1256 670 1304 cogeretur
689 1254 840 1292 habere
859 1253 1114 1292 discordiam.

94 1334 245 1363 Hisbook
255 1343 296 1362 on
379 1321 551 1370 Scripsit-
577 1320 687 1358 idem
714 1320 779 1357 uir
800 1321 850 1358 de
873 1320 973 1357 locis
992 1319 1145 1357 sanctis
1173 1318 1328 1356 librum
1348 1317 1581 1367 legentibus
1605 1323 1774 1352 Adamna-

94 1375 151 1402 the
166 1374 252 1408 Holy
437 1387 445 1394 .
555 1386 562 1392 .
605 1386 612 1392 .
752 1400 760 1407 ·
845 1385 852 1392 .
899 1399 903 1407 1
1066 1399 1073 1406 ἱ
1138 1398 1145 1406 “
1542 1384 1548 1390 .
1605 1371 1668 1391 nus
1682 1363 1722 1391 de

95 1414 213 1441 Places.
323 1387 470 1425 multis
502 1386 760 1433 utilhmum,
790 1398 905 1423 cuius
934 1386 1068 1422 auctor
1102 1386 1188 1422 eiat
1218 1383 1400 1422 docendo
1430 1396 1474 1420 ac
1509 1383 1582 1420 dee·
1605 1402 1698 1430 Locis

324 1453 444 1491 tando
468 1452 692 1492 Galliarum
712 1453 903 1500 episc-opus
921 1451 1152 1499 Arcuulfus,
1173 1449 1241 1499 qui
1259 1451 1432 1488 locorum
1453 1448 1581 1498 gratia
1605 1441 1744 1510 {222ssss-

323 1522 551 1558 sanctorum
584 1519 753 1555 uenerat
787 1517 1134 1566 Hierosolymam,
1170 1519 1210 1554 et
1240 1515 1437 1553 lustrata⁶
1469 1514 1583 1553 omni

325 1587 432 1623 terra
456 1583 796 1633 repromissionis,
822 1583 1069 1621 Damascum
1097 1595 1268 1631 quoque,
1298 1580 1584 1619 Constantino-

325 1650 464 1700 polim,
508 1648 814 1697 Alexandriam,
856 1648 1010 1685 multas
1048 1647 1173 1685 maris
1210 1646 1367 1684 insulas
1405 1645 1583 1693 adierat;

325 1715 581 1765 patriamque
611 1714 776 1763 nauigio
802 1716 1020 1762 reuertens,
1055 1713 1099 1751 ui
1128 1711 1385 1761 tempestatis
1414 1711 1458 1748 in
1488 1711 1584 1748 occi-

326 1778 506 1817 dentalia
533 1777 762 1816 Brittaniae
785 1777 904 1815 litora
933 1775 1114 1814 delatus⁷
1154 1777 1214 1813 est
1235 1789 1242 1823 ;
1277 1788 1321 1813 ac
1341 1776 1433 1824 post
1452 1774 1585 1812 multa

326 1845 376 1882 ad
405 1846 680 1881 memoratum
710 1842 864 1882 Christi
891 1841 1097 1880 famulum
1126 1841 1423 1879 Adamnanum
1448 1852 1585 1888 perue-

326 1910 456 1959 niens,
480 1910 552 1947 ubi
579 1910 723 1947 doctus
742 1909 786 1946 in
811 1907 1036 1958 scripturis,
1062 1909 1379 1956 sanctorumque
1402 1906 1585 1943 locorum

328 1989 479 2026 gnarus
518 1988 606 2013 esse
644 1976 865 2024 conpertus
903 1975 974 2022 est,
1013 1972 1286 2011 libentissime
1323 1973 1385 2009 est
1422 1971 1472 2009 ab
1511 1970 1584 2008 illo

332 2041 336 2091 l
363 2043 586 2090 susceptus,
622 2041 820 2078 libentius
853 2039 1041 2087 auditus;
1076 2039 1175 2077 adeo
1204 2039 1262 2085 ut,
1298 2050 1483 2086 quaeque
1513 2036 1586 2074 ille
1609 2046 1630 2077 f.
1650 2056 1695 2075 112
1710 2045 1739 2076 b.

328 2120 370 2145 se
389 2107 433 2145 in
459 2106 559 2144 locis
585 2106 738 2144 sanctis
764 2107 996 2143 memoratu
1020 2104 1143 2154 digna
1169 2103 1321 2142 uidisse
1346 2102 1582 2150 testabatur,

328 2175 474 2211 cuncta
510 2185 608 2211 mox
651 2171 729 2210 iste
770 2171 920 2209 litteris
959 2170 1153 2208 mandare
1195 2167 1409 2206 curauerit.
1461 2167 1588 2205 Fecit·

331 2252 409 2288 que
447 2251 559 2288 opus
603 2239 649 2276 ut
687 2237 783 2285 dixi,
827 2236 996 2274 multis*
1041 2235 1155 2283 utile,
1190 2236 1231 2272 et
1268 2233 1449 2271 maxime
1486 2232 1582 2278 illis,

330 2305 402 2354 qui
431 2304 596 2353 longius
624 2303 675 2341 ab
705 2303 763 2341 eis
801 2302 911 2350 locis,
954 2301 997 2339 in
1038 2300 1188 2350 quibus
1231 2299 1483 2348 patriarchae
1520 2298 1587 2336 uel

333 2370 507 2420 apostoli
546 2371 672 2417 erant,
708 2368 862 2416 secreti,
899 2380 944 2405 ea
977 2368 1143 2405 tantum
1177 2365 1227 2403 de
1260 2365 1336 2413 his,
1376 2378 1478 2414 quae
1515 2364 1589 2402 lec-

373 2487 385 2503 ²
408 2487 537 2526 suscip-
556 2485 602 2516 M.
621 2485 671 2516 Cl.
932 2481 944 2499 ²
967 2483 1053 2522 hyb-
1070 2482 1115 2514 N.
1377 2480 1389 2497 ³
1411 2482 1523 2511 exort-
1541 2480 1586 2511 M.

330 2542 341 2560 ⁴
365 2543 572 2580 canonicam
589 2541 631 2572 N.
874 2538 886 2556 ⁵
909 2539 1062 2578 migrare
1078 2538 1122 2570 N.
1359 2537 1371 2555 ⁶
1391 2537 1524 2567 lusstra
1541 2535 1588 2567 M.

331 2597 343 2615 ⁷
367 2598 418 2628 di—
436 2597 482 2628 M.
502 2597 553 2628 0¹.
569 2596 611 2627 N.
739 2594 750 2611 ⁸
772 2594 928 2625 multum
946 2594 994 2626 M.
