1803 2887
339 154 421 194 198
688 151 743 192 'H
745 150 899 192 istoria
930 149 1234 192 Ecclesiastica
1423 156 1510 198 [Lm.
1530 158 1589 189 111.

417 222 431 243 J

335 269 512 305 ornatum
542 266 763 312 antistitem,
797 266 1007 303 seeundum
1044 267 1257 302 uestrorum
1293 264 1518 311 scriptorum
1548 266 1594 301 te-

337 345 474 379 norem,
499 332 658 369 minime
677 332 874 368 ucaeiuimus
893 342 995 368 nunc
1023 330 1208 376 repperire
1227 341 1301 376 pro
1321 330 1594 377 lonqinquitate

339 399 495 436 itineris.
554 397 725 444 Profecto
757 397 857 434 enim
885 396 976 433 dum
1004 395 1223 433 huiusmodi
1242 397 1332 442 apta
1355 397 1596 441 reppertaque

329 475 496 511 persona
529 463 666 509 fuerit,
709 473 794 499 eum
830 462 1060 499 instructum
1098 461 1149 498 ad
1184 463 1353 498 uestram
1390 460 1597 507 diriqemus

329 530 512 576 patriam,
555 530 599 564 ut
637 528 714 574 vipse
753 530 786 564 et
823 528 919 564 uiua
955 538 1054 573 uoce,
1098 528 1132 563 et
1159 537 1233 573 per
1268 525 1407 562 diuina
1443 525 1597 562 oracula

339 606 488 631 omnem
506 593 656 630 inimici
674 593 868 630 zizaniam
888 604 931 629 ex
950 592 1055 629 omni
1073 595 1204 629 uestra
1222 591 1349 628 insula
1363 602 1449 628 eum
1465 590 1597 627 diuino

340 663 439 696 nutu
459 659 630 697 eradicet.
687 658 928 695 BIunuscuIa
948 669 972 695 a
990 659 1119 694 uestra
1134 656 1357 694 celsitudine
1376 656 1481 693 beato
1491 656 1599 702 prin-

341 725 414 771 cipi
434 725 686 771 apostotorum
712 723 855 760 directa
874 734 946 770 pro
975 725 1131 760 aeterna
1159 723 1241 759 eius
1268 722 1454 759 memoria
1481 731 1601 758 susce-

333 791 476 836 pimus,
508 790 727 837 qratiasque
765 787 823 826 et¹
860 789 1019 836 aqimus,
1059 799 1102 825 ac
1123 799 1196 834 pro
1231 788 1312 825 eius
1342 786 1601 824 incolumitate

344 855 482 902 iti-[siter
506 855 634 891 Deum
663 853 906 900 deprecamur
932 864 1018 889 cum
1045 850 1187 890 Christt
1216 853 1318 890 clero.
1377 851 1518 898 Itaque
1536 850 1602 898 qui

343 920 433 957 haec
460 920 593 957 obtulit
620 930 790 964 munera,
825 918 870 955 de
897 918 967 955 hac
994 918 1211 955 subtractus
1239 920 1293 955 est
1318 918 1406 963 lucc,
1433 916 1603 963 situsque

343 986 394 1023 ad
424 986 560 1023 limina
589 984 846 1031 apostolorum,
864 996 936 1030 pro
967 995 1037 1030 quo
1068 983 1180 1021 ualde
1209 995 1344 1021 sumus
1373 981 1597 1028 contristati,

344 1049 453 1088 cum2
486 1050 546 1087 hie
580 1052 673 1087 esset
706 1048 919 1095 defunctus.
986 1049 1259 1086 Uerumtamen
1289 1048 1433 1096 yerulis
1465 1047 1604 1085 harum

344 1119 560 1154 nostratum
573 1114 787 1152 litterarum
800 1115 939 1152 uestris
950 1115 1089 1161 missis,
1111 1113 1162 1151 et3
1176 1114 1357 1161 beneficia
1371 1115 1598 1159 sanctorum,

344 1183 410 1219 hoc
439 1184 492 1219 est
521 1181 699 1227 reliquias
729 1180 922 1217 beatorum
949 1181 1202 1226 apostolorum
1219 1180 1327 1217 Petri
1356 1181 1390 1217 et
1416 1179 1544 1225 Pauli,
1569 1179 1605 1215 et

344 1247 561 1283 sanctorum
586 1241 589 1293 Ι
615 1245 829 1290 martyrum
854 1242 1072 1289 Laurentii,
1106 1243 1307 1289 Iohannis,
1345 1244 1379 1279 et
1408 1241 1535 1287 Pauli,
1570 1242 1605 1277 et

348 1309 559 1357 Greyorii‘ss
603 1311 714 1355 atque
746 1308 947 1345 Pancratii
986 1309 1039 1345 eis
1077 1308 1246 1354 fecimus
1292 1306 1415 1354 dari⁵,
1457 1308 1606 1343 uestrae

346 1375 581 1412 excellentiae
592 1374 764 1420 profecto
785 1385 912 1410 omnes
932 1373 1218 1411 contradendas.
1266 1373 1373 1410 Nam
1402 1375 1437 1409 et
1456 1371 1609 1419 coniuqi

347 1443 504 1487 uestrae,
541 1441 691 1476 *nostrae
728 1439 893 1486 spiritali
923 1439 1044 1486 filiae,
1081 1439 1289 1476 direximus
1312 1450 1386 1485 per
1406 1437 1607 1484 praefatos

344 1507 493 1554 yerulos
518 1516 665 1543 crucem
691 1505 836 1542 clauem
861 1517 1018 1542 auream
1038 1505 1236 1542 habentem
1267 1505 1311 1541 de
1336 1502 1608 1541 sacratissimis

348 1572 513 1609 uinculis
541 1572 735 1608 beatorum
767 1572 873 1609 Petri
903 1575 937 1609 et
965 1572 1084 1609 Pauli
1116 1572 1392 1618 apostolorum;
1424 1571 1469 1608 de
1498 1570 1607 1607 cuius

338 1639 406 1685 pio
438 1637 566 1675 studio
597 1640 864 1684 coynoseentes,
903 1640 1053 1675 tantum
1090 1640 1227 1675 cuneta
1264 1637 1370 1674 sedes
1405 1636 1608 1683 apostoliea

348 1716 430 1740 una
466 1703 662 1739 nobiscum
700 1703 874 1749 hcetatur,
909 1706 1097 1750 quantum
1128 1703 1209 1740 eius
1236 1703 1309 1749 pia
1339 1713 1451 1749 opera
1484 1712 1609 1738 coram

348 1770 429 1806 Deo
436 1769 613 1816 flayrant
629 1771 662 1805 et
676 1771 851 1805 uernant.
887 1769 1061 1806 Festinet
1078 1769 1204 1816 iqitur,
1223 1779 1463 1815 quaesumus,
1480 1769 1611 1804 uestra

349 1834 536 1880 celsitudo,
569 1836 612 1870 ut
643 1836 828 1881 optamus,
854 1836 973 1871 totam
1006 1846 1118 1871 suam
1149 1834 1316 1871 insulam
1344 1833 1428 1871 Deo
1463 1831 1610 1871 Christo

351 1901 485 1937 dicare.
545 1898 717 1945 Profecto
746 1900 848 1936 enim
876 1899 985 1937 habet
1004 1902 1261 1946 protectorem,
1286 1898 1447 1936 humani
1463 1897 1611 1946 qeneris

352 1966 594 2003 redemtorem
622 1965 835 2001 Dominum
866 1968 1038 2002 nostrum
1074 1965 1207 2002 Iesum
1239 1964 1443 2011 Christum,
1479 1964 1544 2010 qui
1577 1963 1612 2000 ei

353 2034 489 2069 cuncta
527 2042 708 2077 prospera
745 2031 930 2078 inpertiet,
972 2032 1031 2068 uti
1069 2043 1215 2068 ‘nouum
1250 2030 1395 2068 Christi
1424 2030 1612 2077 poputum

354 2099 555 2142 coaceruet,
580 2096 803 2133 catholicam
834 2097 885 2134 ibi
912 2100 946 2134 et
975 2097 1215 2143 apostolicam
1235 2097 1464 2134 constituens
1476 2095 1606 2142 fidem.

354 2162 545 2209 Scriptum
578 2164 632 2198 est
664 2162 793 2199 enim:
836 2162 1040 2210 ‘Quaerite‘
1062 2163 1236 2209 primum
1272 2174 1430 2210 refluum
1466 2161 1543 2198 Dei
1579 2163 1613 2198 et

358 2228 543 2265 iustitiam
564 2228 653 2273 eius,
679 2231 714 2264 et
733 2228 822 2266 haee
841 2229 970 2265 omnia
990 2228 1207 2265 adicientur
1225 2227 1358 2265 uobis.'
1412 2226 1613 2264 Nimirum

357 2294 456 2331 enim
485 2293 635 2339 quaerit
663 2296 697 2330 et
728 2293 963 2340 inpetrabit⁶,
990 2296 1024 2331 et
1052 2294 1086 2331 ei
1114 2305 1243 2331 omnes
1270 2305 1364 2331 suae
1388 2293 1546 2338 insulae,
1569 2294 1614 2329 ut

356 2361 537 2405 optamus,
573 2358 791 2396 subdentur.
861 2359 1027 2396 Paterno
1064 2359 1191 2406 itaque
1227 2358 1367 2405 affectu
1404 2358 1616 2396 salutantes

360 2427 525 2462 uestram
562 2425 826 2471 excellenticun,
866 2425 1044 2462 diuinam
1063 2436 1268 2471 precamur
1297 2424 1436 2472 iuyiter
1463 2424 1615 2461 elemen-

400 2533 411 2550 1
435 2534 467 2564 ei
482 2544 542 2565 om.
559 2534 606 2566 M.
759 2533 770 2550 2
794 2543 855 2564 cur
871 2533 917 2565 M.
1073 2532 1084 2550 3
1108 2535 1143 2564 et
1159 2544 1218 2564 om.
1235 2533 1282 2564 M.
1430 2532 1441 2550 ⁴
1462 2532 1551 2572 grig—
1567 2531 1614 2562 M.

357 2583 367 2602 ⁵
392 2585 475 2616 dare
491 2585 552 2618 M1.
649 2584 660 2601 ⁶
683 2586 791 2616 -rauit
808 2585 852 2616 M.
873 2586 909 2617 C.

1626 1245 1647 1273 f.
1664 1246 1700 1281 69
1714 1244 1743 1272 b.

1636 2165 1754 2194 Matth.
1760 2165 1791 2193 vi

1635 2215 1667 2240 33
1681 2215 1687 2240 ;
1709 2204 1751 2233 of.

1636 2245 1712 2273 Luc.
1727 2243 1782 2272 xii.

1636 2293 1678 2319 31.
