1803 2887
304 170 389 210 406
717 169 919 224 Epistola
951 168 1063 211 Becle
1094 169 1153 210 ad

304 281 417 319 tione
437 283 477 319 et
496 281 679 320 doctrina
700 281 941 319 confirmare
961 281 1212 321 memineris.
1273 281 1428 319 Neutra
1449 281 1560 320 enim

304 347 403 385 haec
433 347 565 384 uirtus
594 347 683 384 sine
711 347 839 384 altera
862 347 940 384 rite
968 348 1102 395 potest
1131 346 1321 396 impleri3
1351 347 1385 384 si
1413 348 1483 384 aut
1509 347 1554 394 is,

305 411 375 462 qui
404 413 508 450 bene
541 411 658 459 uiuit,
694 412 866 451 docendi
898 412 1077 449 officium
1108 412 1291 461 negligit,
1327 414 1397 450 aut
1427 413 1559 449 recte¹

305 480 455 518 docens
497 478 669 516 antistes
713 479 867 515 rectam
910 489 1093 514 exercere
1140 477 1416 525 operationem
1465 491 1560 516 con-

303 544 454 583 temnit
469 545 492 581 ².
555 544 634 591 Qui
662 543 825 581 autem³
855 543 1079 590 utrumque
1112 542 1310 579 ueraciter
1346 544 1438 592 agit,
1472 556 1560 592 pro-

303 609 409 647 fecto
428 609 522 647 talis
542 622 685 647 seruus
704 609 931 646 aduentum
951 606 1121 644 Domini
1145 607 1209 644 sui
1235 608 1560 656 gratulabundus

305 676 497 724 expectat,
537 687 703 723 sperans
737 687 780 711 se
809 673 930 710 citius
957 672 1224 710 auditurum:
1269 673 1406 723 ‘Euge
1443 687 1560 712 serue
1583 686 1700 714 Matth.

303 740 409 778 bone
439 742 479 777 et
509 740 654 786 fidelis,
689 739 783 788 quia
811 751 933 786 super
960 750 1088 786 pauca
1115 737 1232 775 fuisti
1260 738 1403 787 fidelis,
1438 753 1560 789 supra

304 806 437 844 multa
465 807 506 843 te
533 806 806 851 constituam3
837 803 945 841 intra
974 802 1018 839 in
1047 802 1243 851 gaudium
1272 804 1445 842 Domini
1472 806 1561 843 tui?

306 871 350 909 Si
382 871 473 920 quis
507 884 614 918 uero,
651 871 757 920 quod
793 869 907 916 absit,
941 868 1068 918 gradu
1098 868 1352 917 episcopatus
1383 872 1557 919 accepto,

306 949 379 973 nec
413 936 594 985 seipsum
627 950 649 973 a
678 935 798 973 malis
827 934 983 972 actibus
1012 933 1116 971 bene
1144 933 1334 981 uiuendo,
1369 949 1443 973 nec
1472 936 1561 974 sub-

305 1001 435 1039 ditam
461 1001 465 1051 1
492 1001 569 1039 sibi
588 1001 751 1050 plebem
772 999 1006 1048 castigando
1022 999 1046 1046 ⁴,
1070 998 1137 1035 uel
1158 999 1416 1038 admonendo
1444 1002 1561 1039 corri-
1584 1009 1605 1038 f.
1622 1012 1658 1046 89
1672 1009 1699 1037 b.

304 1081 399 1116 gere
437 1069 578 1115 curat;
619 1067 716 1116 quid
753 1066 860 1113 huic,
896 1064 1090 1102 ueniente
1132 1064 1311 1103 Domino
1349 1066 1449 1104 hora
1482 1081 1561 1116 qua
1584 1075 1624 1105 cf.
1642 1076 1682 1105 ib.

304 1146 388 1170 non
418 1134 561 1182 sperat,
596 1134 843 1170 euenturum
872 1131 934 1179 sit,
969 1131 1202 1181 euangelica
1228 1131 1448 1169 manifeste
1476 1145 1561 1170 sen-

303 1198 432 1236 tentia
477 1198 661 1244 declarat,
709 1210 788 1246 qua
830 1196 979 1234 dicitur
1014 1197 1090 1234 ad⁵
1128 1196 1320 1234 inutilem
1362 1209 1559 1236 seruum:
1582 1195 1638 1228 46³

307 1263 458 1300 ‘Eicite
477 1263 522 1300 in
541 1262 732 1300 tenebras
759 1262 987 1310 exteriores,
1012 1261 1070 1299 ibi
1097 1262 1171 1299 erit
1197 1262 1318 1299 fletus
1345 1264 1385 1300 et
1410 1263 1561 1301 stridor
1582 1281 1654 1301 xxv.
1672 1254 1714 1308 go.

303 1328 521 1366 dentium.9

74 1399 217 1426 Govern-
361 1407 394 1442 3.
428 1393 542 1431 Ante
562 1393 700 1431 omnia
721 1394 943 1431 sane⁸tuae
963 1394 1125 1430 sanctae
1140 1392 1379 1442 paternitati
1398 1393 1558 1441 suadeo,

74 1438 276 1513 ffiZnJOngue·
304 1461 350 1496 ut
383 1459 432 1496 ab
464 1458 604 1496 otiosis
642 1460 684 1496 te
717 1457 1125 1505 confabulationibus,
1159 1457 1521 1496 obtrectationibus
1533 1459 1557 1506 ⁷,

73 1517 249 1592 Ξὲξέᾗέἷθ
304 1525 529 1575 ceterisque
558 1524 722 1573 linguae
750 1523 973 1561 indomitae
1002 1523 1199 1573 contagiis
1227 1523 1453 1572 pontificali
1481 1523 1563 1573 dig-

303 1590 433 1628 nitate
452 1603 635 1628 coerceas
652 1604 661 1636 ;
691 1589 845 1627 diuinis
864 1591 1002 1627 autem
1030 1589 1201 1638 eloquiis
1220 1602 1264 1626 ac
1288 1588 1563 1627 meditationi-

303 1655 380 1694 bus
401 1656 696 1705 scripturarum
723 1654 910 1704 linguam
939 1654 1065 1692 simul
1099 1656 1139 1692 et
1162 1656 1347 1692 mentem
1376 1667 1556 1704 occupes,

303 1722 344 1758 et
373 1721 553 1759 maxime
587 1720 771 1768 legendis
804 1720 913 1758 beati
942 1720 1063 1757 Pauli
1092 1720 1267 1768 apostoli
1297 1719 1480 1769 epistolis
1511 1721 1561 1758 ad

302 1786 568 1824 Timotheum
589 1800 634 1824 ac
654 1786 820 1835 Tytum,
844 1786 915 1823 sed
936 1787 975 1823 et
1004 1785 1139 1823 uerbis
1165 1785 1416 1823 sanctissimi
1433 1799 1562 1835 papae

304 1851 500 1901 Gregorii,
527 1852 676 1901 quibus
705 1852 754 1889 de
781 1851 867 1889 uita
894 1851 1019 1888 simul
1043 1853 1083 1889 et
1105 1851 1218 1888 uitiis
1242 1853 1446 1888 rectorum
1473 1851 1559 1889 siue

301 1916 346 1953 in
374 1917 479 1954 libro
511 1917 689 1965 Regulae
724 1915 955 1963 Pastoralis,
987 1929 1056 1954 seu
1090 1916 1133 1953 in
1165 1915 1326 1954 omeliis
1357 1915 1562 1966 euangelii

301 1982 482 2020 multum
513 1982 671 2019 curiose
701 1981 901 2029 disseruit,
934 1983 978 2019 ut
1003 1982 1084 2019 sit⁸
1113 1995 1245 2020 sermo
1275 1985 1372 2022 tuus
1400 1997 1562 2033 semper

302 2048 525 2096 sapientiae
546 2048 629 2085 sale
642 2048 654 2067 ⁹
676 2047 875 2095 conditus,
897 2047 1144 2085 eminentior
1160 2048 1319 2098 uulgari
1338 2050 1555 2098 locutione,
1583 2066 1622 2094 of.
1635 2065 1698 2094 001.
1712 2066 1752 2093 iv.
1770 2038 1772 2084 s

303 2126 348 2150 ac
381 2113 522 2150 diuino
553 2113 711 2151 auditui
743 2113 905 2162 dignior
940 2113 1149 2152 elucescat.
1209 2114 1321 2153 Sicut
1354 2115 1467 2153 enim
1499 2115 1558 2153 in-
1582 2106 1608 2133 ⁶·

302 2178 446 2215 decens
476 2181 549 2227 est,
582 2179 617 2216 si
645 2192 742 2217 uasa
770 2178 909 2216 altaris
937 2182 1191 2217 sacrosancta
1220 2180 1461 2230 uulgaribus
1489 2195 1562 2219 un-

301 2256 424 2292 quam
449 2244 591 2281 usibus
617 2257 660 2281 ac
690 2244 844 2281 uilibus
871 2244 1143 2292 profanentur
1172 2245 1311 2282 officiis
1327 2246 1364 2293 ¹⁰,
1392 2246 1448 2284 ita
1477 2259 1562 2295 per-

301 2322 469 2346 uersum
509 2309 760 2347 omnimodis
798 2322 843 2347 ac
881 2309 1080 2347 miserum
1119 2312 1190 2357 est,
1233 2311 1268 2348 si
1315 2311 1350 2349 is
1398 2311 1468 2360 qui
1509 2312 1560 2350 ad

302 2375 575 2412 consecranda
604 2374 648 2412 in
677 2375 798 2413 altari
829 2374 1035 2413 dominica
1065 2378 1317 2414 sacramenta
1348 2377 1561 2416 ordinatus

345 2492 354 2513 ¹
378 2497 471 2525 certe
489 2495 534 2526 M.
623 2494 634 2511 ²
658 2497 750 2526 cont.
769 2506 862 2534 oper.
881 2495 927 2527 M.
1029 2495 1040 2513 ³
1063 2498 1099 2527 at
1116 2498 1175 2536 qui
1195 2497 1240 2528 M.
1333 2497 1344 2514 ⁴
1367 2498 1493 2529 -cando
1511 2499 1557 2530 H.

299 2545 312 2563 ⁵
334 2548 369 2576 et
386 2546 432 2577 H.
567 2547 579 2565 ⁶
603 2557 687 2578 sane
704 2557 762 2577 om.
785 2547 831 2577 M.
957 2546 969 2564 ⁷
993 2548 1142 2579 obtract-
1160 2549 1208 2580 H.
1333 2549 1345 2567 ⁸
1367 2551 1415 2581 sit
1430 2561 1488 2582 om.
1508 2550 1554 2582 M.

300 2598 311 2616 ⁹
335 2597 406 2629 sale
423 2608 492 2638 sap.
508 2597 553 2630 M.
688 2598 713 2615 ²⁰
737 2599 857 2630 officiis
872 2609 929 2630 om.
950 2600 997 2631 M.
