1803 2887
282 138 365 179 252
638 137 846 180 Historia
876 140 1182 184 Ecclesiae-tica
1377 152 1462 193 [Lm.
1483 156 1539 185 lv.

281 258 495 295 commoda
521 258 788 307 contigissent
816 261 855 295 et
883 272 1084 307 prospera.
1109 273 1180 308 per
1205 260 1539 299 intercessionem

282 322 517 370 fraternam,
543 325 583 360 et
603 323 853 361 oblationem
880 324 1036 361 hostiae
1060 324 1250 362 salutaris
1271 325 1440 362 caelitus
1460 326 1538 363 sibi

282 388 406 424 fuisse
429 388 578 425 donata
598 388 813 426 intellexit.
866 389 1070 437 Multique
1091 389 1189 426 haec
1209 403 1231 427 a
1251 390 1431 438 praefato
1452 391 1540 428 uiro

283 452 507 499 audienteS,
543 453 700 490 accensi
734 455 832 491 sunt
860 453 904 490 in
934 454 1015 491 fide
1044 467 1089 491 ac
1124 454 1344 492 deuotione
1375 456 1540 504 pietatis

282 518 331 555 ad
362 518 573 562 orandum,
608 518 675 555 uel
703 519 751 556 ad
782 519 1031 568 elimosynas
1061 519 1274 567 faciendas,
1309 521 1375 558 uel
1405 521 1452 558 ad
1486 522 1538 559 of-

282 583 469 621 ferendas
489 583 575 620 Deo
596 583 787 621 uictimas
808 597 942 621 sacrae
969 584 1198 631 oblationis,
1232 599 1305 634 pro
1334 586 1540 634 ereptione

283 661 462 695 suorum,
507 649 578 697 qui
617 649 666 686 de
705 650 865 687 saeculo
904 650 1205 699 migrauerant,
1248 651 1542 689 intellexerunt

283 714 408 760 enim,
429 714 524 762 quia
543 715 788 752 sacrificium
804 716 980 753 salutare
996 716 1044 753 ad
1066 716 1365 753 redemtionem
1388 717 1542 754 ualeret

283 781 324 817 et
343 779 505 816 animae
525 782 564 817 et
585 780 762 828 corporis
782 781 1086 829 sempiternam.

337 844 458 882 Hanc
486 845 591 882 mihi
619 845 833 883 historiam
863 846 989 883 etiam
1019 847 1185 896 quidam
1216 860 1368 894 eorum,
1394 847 1464 896 qui
1492 848 1542 885 ab

283 910 370 958 ipso
402 909 503 957 uiro,
533 910 577 947 in
607 925 686 959 quo
715 912 820 949 facta
850 914 921 959 est,
953 912 1127 959 audiere,
1159 914 1403 959 narrarunt3
1434 913 1543 950 unde

284 989 384 1022 eam,
435 976 529 1024 quia>
574 976 750 1025 liquido¹
797 977 971 1025 conperi,
1021 978 1305 1015 indubitanter
1348 977 1542 1015 historiae

282 1041 444 1076 nostrae
473 1039 763 1077 ecclesiasticae
791 1039 1051 1078 inserendam
1080 1041 1244 1078 credidi.

663 1171 782 1208 CAP.
813 1171 918 1208 XXI
950 1169 1154 1223 [XXIII]

618 1260 659 1287 De
675 1261 739 1288 uita
758 1263 783 1289 εἰ
799 1261 879 1288 obitu
895 1261 1007 1291 Hildae
1022 1263 1201 1290 abbatissae.

57 1354 163 1382 naath
183 1353 218 1380 of
340 1340 462 1376 ANNo
483 1341 575 1387 post
602 1338 712 1375 hunc
738 1341 944 1387 sequente,
969 1339 1045 1376 hoc
1073 1337 1161 1377 est2
1181 1352 1290 1376 anno
1316 1339 1544 1377 dominicae

56 1394 261 1462 Ὗξῗὶῗῖῗξές
287 1404 582 1442 incarnationis
602 1404 845 1451 DCLXXX,
864 1404 1169 1453 religiosissima
1183 1405 1195 1424 3
1217 1405 1370 1442 Christi
1388 1405 1545 1442 famula

58 1462 258 1507 N.›v.17,0{zo.
288 1470 401 1517 Hild,
427 1469 632 1507 abbatissa
652 1470 902 1516 monasterii,
928 1470 1034 1518 quod
1051 1470 1202 1508 dicitur
1223 1470 1504 1507 Strenaeshalc
1517 1471 1540 1517 ⁴,

287 1538 332 1572 ut
357 1548 479 1584 supra
504 1535 754 1583 rettulimus,
787 1538 878 1584 post
908 1536 1050 1583 multa,
1076 1549 1178 1584 quae
1206 1535 1302 1573 fecit
1331 1535 1375 1572 in
1409 1535 1541 1583 terris,

287 1614 406 1650 opera
430 1600 629 1648 caelestia,
660 1601 710 1638 ad
736 1601 996 1650 percipienda
1022 1601 1201 1650 praemia
1224 1601 1334 1639 uitae
1361 1600 1546 1638 caelestis

288 1667 338 1704 de
358 1666 479 1704 terris
498 1666 634 1703 ablata
653 1666 849 1704 transiuit
871 1667 936 1705 die
958 1667 1047 1705 XV.
1073 1667 1355 1705 Kalendarum
1374 1667 1545 1704 Decem-

288 1731 436 1779 brium,
483 1745 577 1769 cum
617 1733 724 1769 esset
766 1745 969 1770 annorum
1019 1733 1158 1770 LXVI
1179 1746 1186 1779 ;
1232 1732 1380 1781 quibus
1418 1745 1547 1780 aequa

289 1797 474 1846 partione
491 1798 503 1816 5
524 1797 678 1845 diuisis,
711 1798 909 1835 XXXIII
935 1799 1091 1847 primos
1114 1798 1157 1835 in
1184 1797 1377 1836 saeculari
1402 1798 1544 1835 habitu

290 1863 546 1901 nobilissime
566 1865 803 1901 conuersata
826 1864 1046 1912 conpleuit,
1072 1866 1112 1902 et
1134 1864 1308 1902 totidem
1330 1865 1547 1913 sequentes

290 1929 468 1966 nobilius
488 1929 532 1965 in
553 1928 792 1967 monachica
814 1930 899 1967 uita
920 1930 1099 1967 Domino
1120 1929 1378 1968 consecrauit.
1440 1929 1546 1966 Nam

290 1998 329 2032 et
351 1994 503 2032 nobilis
523 1996 621 2032 natu
643 1997 739 2042 erat,
766 1995 842 2032 hoc
858 1997 919 2033 est
939 1995 1024 2032 filia
1043 1995 1203 2044 nepotis
1224 1995 1378 2033 Eduini
1391 1996 1403 2013 ‘³
1424 1995 1542 2044 regis,

290 2060 486 2098 uocabulo
525 2060 711 2097 Hererici
725 2061 735 2079 ⁷
754 2074 762 2106 ;
802 2074 894 2097 cum
928 2074 1009 2109 quo
1049 2060 1171 2098 etiam
1210 2074 1314 2109 rege,
1352 2060 1401 2098 ad
1440 2073 1549 2109 prae·

289 2126 536 2164 dicationem
551 2126 690 2163 beatae
706 2126 928 2163 memoriae
941 2126 1107 2163 Paulini
1122 2126 1248 2175 primi
1264 2126 1549 2176 Nordanhym-

290 2193 458 2230 brorum
474 2194 485 2210 ὅ
501 2191 690 2240 episcopi,
709 2192 835 2229 fidem
857 2194 898 2229 et
914 2193 1166 2229 sacramenta
1182 2192 1336 2229 Christi
1355 2191 1545 2240 suscepit,

290 2260 412 2306 atque
449 2257 558 2304 haec,
601 2257 834 2305 usquedum
872 2257 922 2294 ad
967 2257 1054 2294 eius
1091 2256 1298 2294 uisionem
1335 2257 1550 2306 peruenire

291 2323 451 2370 meruit,
476 2323 722 2360 intemerata
741 2323 932 2361 seruauit.

1772 2285 1781 2378 §.d-v
1772 2232 1780 2273 ε..
1777 2203 1779 2207 r

336 2410 345 2428 1
372 2410 433 2449 qui
465 2410 657 2448 aliquando
690 2411 727 2441 C.
758 2410 799 2441 N.
834 2410 901 2441 W1.
936 2409 989 2442 D¹.
1024 2410 1108 2449 διας
1144 2421 1233 2450 quae
1264 2411 1456 2450 aliquando
1488 2412 1542 2450 HJ.

292 2462 303 2479 ²
326 2472 420 2493 anno
437 2486 443 2492 .
464 2487 471 2493 .
489 2487 495 2493 .
513 2465 565 2492 est
582 2473 640 2493 om.
661 2463 698 2493 C.
840 2463 851 2480 ³
874 2463 1033 2502 religiosa
1051 2464 1088 2494 C.
1221 2462 1232 2480 4
1257 2464 1479 2494 streneshalh
1498 2464 1523 2494 C
1541 2475 1548 2501 ;

291 2515 581 2546 streanaeshalch
614 2515 657 2545 N.
809 2514 820 2531 ⁵
843 2516 1006 2554 partione
1037 2515 1084 2546 M.
1116 2515 1153 2545 C.
1185 2516 1213 2545 B
1232 2526 1239 2554 3
1277 2516 1438 2555 portione
1469 2515 1548 2546 edd.

290 2569 301 2586 ⁶
325 2568 473 2598 eduuini
494 2568 531 2598 C.
621 2566 631 2584 ⁷
655 2568 798 2597 heririci
817 2567 854 2598 C.
873 2568 914 2599 N.
1018 2568 1029 2585 ⁸
1052 2568 1215 2597 nordam-
1231 2567 1278 2598 M.
