1803 2887
234 166 312 196 ΟΜ».
332 162 407 204 ΙΧ.]
636 155 785 197 Gentis
816 154 1084 209 szgylormn.
1408 155 1485 193 145

235 284 358 320 quem
378 273 418 309 et
443 271 579 309 feralis
605 271 795 320 impietas
818 270 924 319 regis
944 271 1205 316 Brettonum,
1231 270 1270 306 et
1291 268 1491 317 apostasia

236 337 404 375 demens
422 350 566 386 regum
585 337 820 385 Anglorum
841 335 1125 373 detestabilem
1145 335 1305 372 fecerat.
1362 333 1492 383 Siqui-

236 402 342 450 dem,
368 405 414 440 ut
443 416 565 451 supra
593 402 817 449 docuimus,
843 401 1040 438 unanimo
1067 400 1257 438 omnium
1289 412 1491 437 consensu

236 467 449 505 firmatum
481 469 549 515 est,
575 469 620 504 ut
650 480 803 504 nomen
832 468 872 503 et
901 465 1100 503 memoria
1131 466 1412 514 apostatarum
1442 464 1491 502 de

238 533 415 582 catalogo
442 545 586 582 regum
606 531 929 570 Christianorum
955 544 1120 580 prorsus
1139 530 1291 568 aboleri
1311 530 1488 577 deberet,

238 611 370 646 neque
395 598 542 647 aliquis
566 611 692 647 regno
713 610 854 635 eorum
881 610 1016 634 annus
1040 596 1247 634 adnotari·
1296 595 1384 643 Quo
1405 608 1494 632 con·
1519 601 1647 645 Osxyahl

238 663 349 712 pleto
377 676 579 700 annorum
609 662 809 700 curriculo
840 661 993 699 occisus
1024 663 1096 708 est,
1130 661 1349 698 commisso
1381 660 1496 710 graui
1518 641 1720 709 ᾗῗζὲέξηῂ,

238 728 403 777 proelio,
421 728 471 766 ab
491 728 633 765 eadem
653 740 808 776 pagana
829 728 950 776 gente
970 740 1208 776 paganoque
1224 740 1317 775 rege
1334 726 1497 763 Mercio—
1519 720 1601 755 Aug.
1618 728 1642 753 5⁷
1660 720 1721 752 64³·

239 807 342 841 rum,
378 807 399 830 a
433 806 513 842 quo
552 795 593 830 et
630 793 890 842 prodecessor
922 792 1009 829 eius
1043 790 1251 829 Aeduini1
1286 793 1497 840 peremtus

239 859 382 906 fuerat,
426 859 468 895 in
517 859 615 906 loco,
660 858 730 907 qui
768 857 912 906 lingua
950 857 1184 905 Anglorum
1234 858 1498 906 nuncupatur

240 924 477 962 Maserfelth
489 923 513 972 ²,
537 937 645 961 anno
675 924 818 961 aetatis
848 936 943 960 suae
974 923 1239 969 XXXVIII.‚
1263 923 1327 960 die
1355 923 1498 971 quinto

240 990 397 1035 mensis
417 990 610 1039 Augusti,

294 1055 420 1094 Cuius
450 1057 600 1103 quanta
629 1055 755 1092 fides*
781 1055 824 1092 in
851 1055 995 1100 Deum,
1021 1068 1122 1103 quae
1152 1054 1317 1092 deuotio
1347 1054 1499 1091 mentis
1524 1060 1676 1087 Miraoles

240 1120 373 1168 fuerit,
399 1121 521 1158 etiam
550 1122 643 1169 post
672 1123 848 1158 mortem
876 1120 1081 1158 uirtutum
1108 1120 1320 1157 miraculis
1340 1119 1495 1158 claruit.
1523 1099 1728 1168 Ereorgfiffion

242 1187 430 1236 Namque
464 1187 506 1224 in
538 1187 634 1233 loco,
668 1187 739 1224 ubi
773 1200 845 1235 pro
878 1187 1007 1235 patria
1041 1187 1242 1224 dimicans
1276 1200 1298 1223 a
1332 1185 1502 1235 paganis

243 1253 483 1290 interfectus
514 1254 586 1299 est,
622 1266 751 1301 usque
784 1253 904 1290 hodie
938 1253 1132 1290 sanitates
1164 1253 1426 1289 infirmorum
1462 1253 1503 1289 et

243 1318 461 1355 hominum
489 1320 529 1356 et
554 1331 747 1367 pecorum
777 1318 971 1355 celebrari
1001 1331 1085 1356 non
1110 1318 1318 1356 desinunt.
1380 1317 1504 1355 Unde

244 1383 426 1432 contigit,
451 1385 497 1421 ut
517 1384 730 1433 puluerem
752 1384 899 1432 ipsum,
925 1383 995 1421 ubi
1017 1397 1162 1432 corpus
1182 1383 1268 1421 eius
1288 1383 1333 1420 in
1353 1385 1505 1420 terram

246 1449 418 1497 conruit,
442 1449 567 1487 multi
595 1449 825 1487 auferentes
855 1450 893 1486 et
924 1449 967 1486 in
997 1462 1145 1498 aquam
1174 1449 1391 1486 mittentes
1420 1448 1504 1486 suis

245 1527 316 1563 per
343 1515 441 1552 haec
471 1515 650 1552 infirmis
676 1515 858 1552 multum
883 1514 1089 1552 commodi
1117 1514 1326 1552 adferrent
1339 1514 1362 1551 4.
1426 1513 1505 1562 Qui

246 1580 439 1618 uidelicet
454 1593 545 1618 mos
560 1581 658 1617 adeo
679 1580 916 1627 increbruit,
934 1582 980 1617 ut
996 1579 1193 1629 paulatim
1209 1579 1342 1617 ablata
1359 1579 1506 1616 exinde

248 1647 354 1682 terra
374 1645 527 1684 fossam
547 1646 596 1684 ad
618 1658 858 1683 mensuram
880 1648 1058 1683 staturae
1078 1645 1211 1683 uirilis
1231 1645 1358 1683 altam
1379 1645 1508 1682 reddi-

249 1711 362 1748 derit.
426 1711 509 1748 Nec
541 1711 778 1748 mirandum
812 1711 856 1748 in
887 1711 974 1748 loco
1003 1711 1149 1748 mortis
1177 1711 1290 1748 illius
1319 1710 1507 1747 infirmos

249 1776 392 1823 sanari,
411 1777 481 1825 qui
502 1790 671 1825 semper,
689 1777 789 1813 dum
810 1776 979 1822 uiueret,
1001 1776 1180 1814 infirmis
1201 1778 1241 1814 et
1260 1776 1508 1825 pauperibus

250 1842 470 1890 consulere,
503 1842 751 1891 elimosynas
781 1842 885 1889 dare,
914 1856 1033 1890 opem
1062 1843 1167 1879 ferre
1196 1854 1281 1879 non
1311 1841 1503 1878 cessabat.

250 1907 305 1944 Et
332 1907 463 1944 multa
491 1907 657 1956 quidem
679 1908 723 1944 in
750 1907 836 1945 1000
860 1907 931 1945 1110
952 1908 1017 1944 uel
1040 1907 1087 1944 (10
1108 1907 1278 1956 puluere
1298 1906 1377 1944 loci
1397 1906 1508 1943 illius

251 1972 358 2010 facta
387 1972 593 2009 uirtutum
622 1972 818 2010 miracula
847 1974 1094 2019 narrantur3
1125 1972 1194 2009 sed
1222 1985 1297 2009 nos
1318 1972 1397 2009 duo
1424 1973 1510 2009 tan-

252 2040 353 2085 tum,
367 2051 467 2087 quae
484 2051 506 2075 a
522 2038 744 2075 maioribus
759 2038 1006 2078 audiuimus,
1024 2038 1171 2075 referre
1188 2037 1286 2074 satis
1300 2037 1505 2074 duximus.

307 2103 402 2141 Non
422 2103 552 2140 multo
579 2105 670 2152 post
692 2093 1021 2141 interfectionem
1043 2103 1129 2140 eius
1150 2104 1289 2140 exacto
1310 2104 1505 2150 tempore,

255 2168 436 2218 contigit,
486 2170 532 2206 ut
572 2168 739 2217 quidam
781 2182 884 2218 equo
923 2169 1069 2206 sedens
1104 2168 1183 2205 iter
1220 2168 1334 2205 iuxta
1372 2168 1510 2205 locum

255 2237 389 2283 ageret
410 2234 531 2271 illum
549 2248 557 2281 ;
588 2234 703 2271 cuius
725 2248 852 2283 equus
873 2234 1008 2271 subito
1029 2234 1256 2281 lassescere,
1275 2232 1506 2280 consistere,

257 2301 374 2347 caput
404 2299 449 2336 in
479 2301 631 2336 terram
662 2299 875 2347 declinare,
908 2313 1074 2349 spumas
1105 2312 1153 2336 ex
1183 2312 1251 2336 ore
1281 2298 1508 2345 demittere,

258 2366 307 2410 et,
339 2367 579 2413 augescente
611 2365 748 2402 dolore
784 2365 924 2413 nimio,
961 2365 1005 2402 in
1031 2366 1182 2402 terram
1215 2364 1347 2412 coepit
1381 2376 1508 2401 ruere.

259 2429 435 2468 Desiluit
456 2444 588 2479 eques,
607 2433 646 2468 et
663 2430 875 2468 stramime
896 2431 1102 2468 subtracto
1116 2430 1129 2449 ⁵
1149 2429 1282 2478 coepit
1303 2430 1514 2478 expectare

302 2539 312 2556 ¹
335 2540 459 2570 eduini
475 2540 527 2571 Bl.
544 2541 575 2570 N
594 2551 601 2578 3
625 2541 755 2570 eduine
773 2541 809 2572 C.
829 2541 879 2570 13³.
979 2539 990 2556 2
1014 2543 1124 2570 (alwred
1140 2544 1165 2570 to
1182 2539 1270 2570 -feld
1287 2540 1326 2570 B.
1425 2538 1435 2554 ³
1459 2539 1515 2569 uis

260 2591 305 2622 M.
323 2591 382 2630 HL.
517 2592 528 2609 ‘²
551 2592 681 2623 —ferent
699 2592 743 2623 M.
885 2592 896 2609 ⁵
920 2595 1007 2624 Tlcetc
1026 2596 1051 2623 [s
1065 2596 1148 2631 yreat
1163 2595 1276 2629 variety
1292 2594 1323 2629 ο]
1338 2594 1463 2629 readings
1480 2593 1515 2621 in

872 2658 894 2682 L
