1803 2887
240 210 319 239 Cn.
340 205 415 246 IX.]
639 198 789 241 Gentis
819 198 1089 253 Angylorum.
1439 198 1495 237 99

240 311 449 351 Saxonum
465 313 632 351 nomine
647 312 885 351 Cuichelmo
901 313 923 360 ¹,
944 325 1111 361 sperans
1132 324 1173 348 se
1188 324 1325 360 regem
1346 310 1495 348 Aedui·
1519 322 1645 366 Eclxxfin,

239 376 368 416 num2'
396 391 519 428 regno
550 378 675 416 simul
708 380 748 415 et
781 378 869 416 uita
900 377 1188 427 priuaturum3
1222 376 1293 425 qui
1321 376 1495 414 habebat
1518 361 1668 428 algnlzo.

239 444 361 482 sicam
386 443 595 492 bicipitem
628 443 871 490 toxicatam;
901 445 947 480 ut
977 443 1011 480 si
1044 442 1141 479 ferri
1170 442 1324 479 uulnus
1356 441 1499 478 minus

239 509 288 546 ad
327 511 503 546 mortem
536 509 641 557 regis
680 509 892 555 sufficeret,
928 510 1040 557 peste
1079 508 1291 545 iuuaretur
1331 506 1490 545 ueneni.

238 574 434 612 Peruenit
471 575 608 611 autem
646 574 695 611 ad
734 587 872 623 regem
905 574 1038 622 primo
1078 574 1143 611 die
1176 573 1348 622 paschae
1381 573 1496 611 iuxta

239 651 403 676 amnem
437 639 826 685 Deruuentionem²³,
856 639 928 676 ubi
960 641 1060 676 tunc
1090 640 1175 676 erat
1204 639 1307 676 uilla
1335 638 1490 689 regalis,

237 704 488 754 intrauitque
521 704 638 753 quasi
670 704 893 742 nuntium⁴
927 693 1088 742 domini
1119 704 1183 742 sui
1216 704 1424 751 referens;
1454 705 1495 741 et

236 783 331 808 cum
351 770 587 808 simulatam
613 770 859 819 legationem
885 783 953 808 ore
979 772 1114 807 astuto
1142 770 1336 817 uolueret.
1362 783 1496 808 exsur-

235 835 339 873 rexit
370 837 548 885 repente,
583 837 632 882 et,
666 836 883 885 euaginata
913 835 988 873 sub
1021 837 1136 873 ueste
1165 835 1255 883 sica,
1289 835 1494 884 impetum

235 900 332 938 fecit
357 901 401 938 in
421 914 572 950 regem.
596 943 600 946 Δ
634 901 750 949 Quod
771 914 866 939 cum
891 901 1048 939 uideret
1076 901 1181 938 Lilla
1202 901 1391 939 minister
1410 901 1494 950 regi

235 966 519 1009 amicissimus,
540 980 624 1005 non
640 967 795 1004 habens
811 969 974 1004 scutum
991 967 1041 1004 ad
1056 980 1238 1014 manum,
1260 980 1340 1015 quo
1356 980 1494 1016 regem

237 1045 259 1069 a
289 1045 387 1069 nece
413 1032 657 1081 defenderet,
682 1046 779 1070 mox
806 1032 1051 1082 interposuit
1078 1046 1222 1081 corpus
1250 1045 1372 1070 suum
1398 1035 1495 1070 ante

236 1097 365 1135 ictum
396 1099 646 1146 pungentis;
677 1098 747 1136 sed
776 1100 891 1136 tanta
920 1098 963 1136 ui
991 1098 1125 1135 hostis
1152 1098 1306 1136 ferrum
1341 1099 1489 1145 infixit,

236 1165 283 1200 ut
316 1177 387 1212 per
419 1176 563 1212 corpus
590 1163 738 1201 militis
767 1163 888 1201 occisi
919 1163 1042 1201 etiam
1076 1177 1214 1213 regem
1243 1163 1489 1202 uulneraret.

238 1229 318 1276 Qui
356 1242 450 1266 cum
488 1243 584 1267 mox
623 1229 806 1278 undique
839 1229 987 1279 gladiis
1021 1229 1284 1278 impeteretur,
1323 1229 1366 1266 in
1405 1229 1494 1278 ipso

235 1294 421 1332 tumultu
454 1294 577 1332 etiam
616 1294 744 1332 alium
783 1295 832 1332 de
866 1294 1079 1342 militibus,
1117 1294 1182 1332 cui
1219 1307 1371 1332 nomen
1410 1296 1495 1332 erat

236 1360 432 1398 Fordheri
445 1360 468 1408 5,
494 1360 574 1398 sica
594 1360 769 1398 nefanda
789 1360 974 1409 peremit.

289 1426 445 1463 Eadem
479 1428 617 1463 autem
651 1427 770 1463 nocte
807 1428 1060 1464 sacrosancta·
1094 1426 1289 1464 dominici
1322 1426 1492 1475 paschae
1519 1428 1615 1473 Birtl}
1629 1429 1709 1472 and·

233 1492 469 1540 pepererat6
501 1491 641 1541 regina
676 1491 804 1528 filiam
838 1491 934 1540 regi,
973 1491 1037 1528 cui
1076 1505 1227 1529 nomen
1262 1492 1447 1529 AEanfied
1464 1491 1487 1529 ⁷.
1517 1468 1661 1535 ἓῗὲᾗίῗιὶ
1673 1467 1705 1494 of

235 1557 421 1606 Cumque
442 1557 551 1595 idem
571 1570 652 1604 rex,
676 1559 889 1606 praesente
916 1557 1092 1594 Paulino
1120 1557 1317 1606 episcopo,
1342 1557 1493 1605 gratias

234 1624 371 1672 ageret
397 1622 475 1660 diis
501 1622 587 1660 suis
615 1636 687 1671 pro
714 1624 807 1660 nata
833 1622 912 1660 sibi
938 1622 1032 1664 filia,
1067 1636 1088 1659 e
1115 1624 1255 1660 contra
1282 1622 1494 1672 episcopus

235 1687 385 1737 gratias
406 1688 537 1737 coepit
554 1701 672 1737 agere
693 1687 872 1725 Domino
889 1687 1062 1734 Christo,
1082 1688 1247 1737 regique
1267 1688 1488 1735 adstruere,

237 1754 345 1802 quod
384 1753 470 1802 ipse
508 1754 696 1802 precibus
733 1753 819 1791 suis
855 1754 963 1802 apud
1007 1754 1127 1791 illum
1167 1753 1403 1800 obtinuerit,
1446 1756 1493 1791 ut

236 1820 375 1869 regina
395 1832 533 1868 sospes
549 1821 589 1857 et
604 1820 756 1868 absque
772 1819 910 1856 dolore
924 1819 1040 1868 graui
1055 1819 1237 1856 sobolem
1251 1821 1488 1869 procrearet.

238 1885 366 1923 Cuius
392 1885 527 1922 uerbis
551 1885 775 1922 delectatus
794 1898 876 1932 rex,
901 1884 1090 1933 promisit
1115 1898 1168 1931 se,
1193 1885 1493 1923 abrenuntiatis

237 1950 368 1998 idolis,
393 1950 557 1989 Christo
586 1950 848 1998 seruiturum,
874 1950 910 1989 si
940 1950 1070 1988 uitam
1099 1950 1178 1988 sibi
1208 1952 1248 1988 et
1277 1950 1492 1988 uictoriam

238 2016 407 2054 donaret
426 2016 631 2065 pugnanti
653 2016 849 2054 aduersus
868 2029 1017 2065 regem,
1042 2029 1065 2054 a
1086 2029 1166 2065 quo
1185 2015 1390 2054 homicida
1406 2015 1488 2063 ille,

237 2081 307 2131 qui
336 2095 431 2119 eum
460 2082 761 2129 uulnerauerat,
786 2081 938 2119 missus
966 2084 1056 2129 est3
1087 2083 1125 2119 et
1157 2081 1201 2119 in
1229 2081 1379 2131 pignus
1407 2094 1494 2130 pro-

236 2147 445 2185 missionis
491 2147 722 2196 inplendae,
775 2147 948 2185 eandem
991 2147 1120 2185 filiam
1163 2160 1280 2184 suam
1329 2146 1492 2185 Christo

236 2213 553 2250 consecrandam
599 2211 802 2250 Paulino⁸
851 2212 1037 2261 episcopo
1082 2212 1346 2262 adsignauit3
1391 2225 1493 2261 quae

234 2277 437 2326 baptizata
468 2280 529 2315 est
563 2277 627 2315 die
661 2280 800 2316 sancto
833 2279 1092 2327 pentecostes
1121 2278 1254 2327 prima
1287 2278 1337 2315 de
1371 2280 1493 2327 gente

236 2341 676 2392 Nordanhymbrorum
688 2344 710 2391 ⁹,
735 2356 830 2381 cum
851 2343 915 2381 XI
929 2341 956 2361 ¹⁰
976 2343 1068 2381 aliis
1088 2343 1138 2381 de
1158 2343 1316 2382 familia
1336 2343 1433 2381 eius.

277 2469 288 2486 ¹
311 2471 406 2510 quic·
423 2471 458 2502 C.
550 2470 561 2487 ²
583 2483 607 2503 r.
623 2474 706 2502 note
722 2471 743 2510 ²,
757 2483 789 2512 p.
807 2473 859 2511 98.
960 2472 971 2489 ³
995 2473 1187 2503 doruuent-
1205 2472 1253 2511 C3
1271 2472 1434 2502 deruent-
1451 2472 1492 2503 Β.

235 2521 246 2539 ⁴
271 2533 345 2553 -um
362 2534 419 2554 om.
438 2522 496 2554 M1.
574 2523 585 2540 ⁵
610 2523 700 2554 foro·
717 2524 753 2555 C.
832 2522 843 2539 ⁶
866 2526 1010 2564 peperat
1027 2524 1084 2556 M¹.
1103 2525 1139 2556 C.
1207 2522 1219 2539 ⁷
1243 2524 1380 2554 eanfled
1399 2524 1434 2554 C.
1452 2524 1492 2554 B.

235 2573 246 2589 Β
269 2575 417 2605 eandem
435 2599 441 2605 .
456 2599 462 2605 .
481 2599 487 2605 .
505 2575 656 2605 Paulino
672 2586 729 2606 om.
747 2574 799 2607 Bl.
868 2576 880 2592 ⁹
903 2577 1051 2606 norban-
1068 2577 1104 2608 C.
1174 2577 1198 2594 ¹⁰
1220 2576 1294 2606 XII
1310 2575 1345 2606 C.
1357 2574 1409 2606 B'2.
1426 2576 1493 2606 heo

236 2636 318 2657 waes
335 2627 481 2667 twelfta,
500 2627 533 2657 A
545 2627 592 2664 S„
610 2630 632 2658 i.
644 2638 666 2659 e.
684 2629 760 2668 ipsa
776 2630 852 2658 erat
868 2628 1086 2660 duodecima.

826 2693 858 2718 H
881 2693 899 2717 2
