1803 2887
100 602 207 629 Death
223 606 260 629 οἵ

99 641 230 669 Aldfrid
243 653 248 673 ;

99 682 283 709 succession

98 719 134 746 of
145 720 254 753 Osred,

96 768 124 787 A.
137 769 164 788 D.
182 769 205 795 7<
217 769 240 794 5.

97 858 203 886 Death
220 860 256 885 of

96 898 226 932 Haedde,

96 937 219 972 Bishop
234 938 271 964 of

94 975 152 1004 the
167 977 258 1005 West

94 1017 226 1043 Saxons.

90 1906 237 1933 Division
254 1908 290 1934 of

89 1945 146 1974 the
162 1946 253 1974 West

89 1985 196 2012 Saxum

89 2024 220 2054 diocese.

88 2237 208 2264 Works
224 2240 259 2264 uf

86 2276 251 2304 Aldhelm.

330 145 416 186 320
635 125 641 129 .
692 145 900 189 Historia
929 147 1235 189 Ecclesz'astica
1441 155 1527 196 [Lm.
1546 159 1584 189 V.

803 319 923 358 GAP.
957 319 1120 358 XVIII.

334 415 370 442 Ut
394 416 554 444 Australes
585 416 720 444 Saxones
750 417 897 451 episcopos
928 417 1092 451 acceperint
1122 413 1348 444 Eadberctuml
1377 418 1402 445 et
1432 417 1545 446 Eallan
1558 414 1580 455 ²,

375 468 573 496 Occidentales
603 465 804 496 Dcmz'lzelemss
834 470 860 497 et
890 468 1111 503 Alclhelwzum;
1142 469 1169 496 et
1197 469 1232 496 (Ie
1261 469 1382 503 scriptiis
1408 469 1542 498 eiusdem

892 520 1059 548 Alcllzelmi.

381 595 503 633 Amo
542 595 769 634 dominicae
806 595 1099 634 incarnationis
1128 595 1272 634 DCCV
1300 595 1478 643 Aldfrid,
1514 609 1584 634 rex

329 659 781 711 Nordanhymbrorum,
802 662 1021 699 defunctus
1036 664 1108 709 est,
1131 674 1240 699 anno
1261 661 1377 711 regni
1396 661 1461 699 sui
1481 662 1584 700 XX0

327 727 504 764 necdum
545 727 729 776 inpleto;
767 727 833 765 cui
875 727 1097 765 succedens
1134 726 1179 764 in
1212 727 1434 776 imperium
1472 727 1585 765 filius

327 803 426 829 suus
447 793 585 841 Osred,
609 806 710 842 puer
729 795 818 831 octo
840 793 997 831 circiter
1017 806 1232 841 annorum,
1256 792 1443 842 regnauit
1463 793 1584 831 annis

326 856 401 895 XI.
477 858 616 896 Huius
654 859 770 908 regni
807 858 1007 908 principio
1044 858 1216 896 antistes
1258 858 1583 897 Occidentalium

326 922 535 961 Saxonum
583 924 774 962 Haeddi‘1
823 924 1037 962 caelestem
1093 923 1287 973 migrauit
1333 924 1383 961 ad
1440 923 1578 963 uitam.

324 988 468 1026 Bonus
489 990 638 1038 quippe
658 991 745 1028 erat
764 989 837 1037 uir,
862 1003 906 1027 ac
927 990 1069 1035 iustus‚
1096 991 1135 1026 et
1162 989 1431 1038 episcopalem
1451 989 1581 1027 uitam

324 1053 411 1091 siue
431 1054 662 1092 doctrinam
682 1056 812 1104 magis
834 1055 960 1093 insito
981 1054 1059 1092 sibi
1079 1054 1284 1092 uirtutum
1300 1067 1436 1092 amore
1457 1068 1581 1104 quam

322 1118 568 1158 lectionibus
598 1120 814 1158 institutus
844 1120 1062 1158 exercebat.
1125 1119 1312 1168 Denique
1342 1120 1580 1158 reuerentis-

322 1184 452 1222 simus
472 1185 644 1223 antistes
664 1185 881 1223 Pecthelm
899 1185 922 1232 ⁵,
951 1185 1000 1222 de
1021 1198 1100 1234 quo
1120 1184 1163 1221 in
1183 1185 1450 1234 sequentibus
1475 1187 1480 1231 Ι
1507 1199 1579 1224 suo

322 1249 408 1287 loco
430 1250 650 1287 dicendum
677 1253 748 1298 est,
775 1251 844 1299 qui
869 1263 963 1288 cum
990 1263 1221 1288 successore
1246 1249 1333 1288 eius
1352 1250 1579 1289 Aldhelmo

323 1315 456 1352 multo
494 1317 678 1364 tempore
712 1317 844 1354 adhuc
877 1317 1072 1355 diaconus
1105 1316 1192 1354 siue
1221 1315 1447 1354 monachus
1484 1316 1575 1365 fuit,

323 1380 474 1418 referre
494 1382 556 1419 est
577 1381 733 1429 solitus,
759 1382 864 1431 quod
888 1382 932 1420 in
958 1382 1056 1429 loco,
1081 1395 1160 1431 quo
1189 1381 1405 1419 defunct-us
1431 1383 1502 1429 est,
1527 1381 1578 1420 ob

322 1446 520 1484 meritum
542 1447 771 1486 sanctitatis
791 1448 879 1486 eius
905 1448 1038 1486 multa
1063 1447 1288 1486 sanitatum
1315 1447 1399 1484 sint
1422 1448 1581 1496 patrata

322 1512 530 1560 miracula,
555 1513 826 1562 hominesque
846 1513 1080 1563 prouinciae
1100 1513 1213 1550 illius
1233 1512 1376 1550 solitos
1395 1512 1579 1551 ablatum

322 1577 418 1615 inde
447 1578 663 1627 puluerem
692 1581 857 1628 propter
883 1578 1126 1628 languentes
1152 1578 1196 1615 in
1221 1591 1370 1627 aquam
1398 1578 1574 1626 mittere,

320 1642 442 1689 atque
462 1641 587 1679 huius
607 1643 775 1691 gustum
791 1642 878 1680 siue
898 1642 1175 1690 aspersionem
1197 1641 1343 1679 multis
1363 1641 1577 1679 sanitatem

322 1706 473 1755 egrotis
508 1708 547 1744 et
580 1706 822 1745 hominibus
853 1709 893 1745 et
930 1706 1142 1756 pecoribus
1176 1706 1385 1753 conferre3
1413 1708 1580 1755 propter

322 1772 432 1820 quod
453 1772 661 1821 frequenti
677 1772 883 1811 ablatione
903 1772 1086 1822 pulueris
1101 1772 1203 1810 sacri
1222 1771 1331 1810 fossa
1351 1772 1404 1810 sit
1422 1772 1577 1811 ibidem

322 1837 428 1875 facta
449 1851 533 1875 non
555 1837 740 1877 minima.

375 1893 463 1950 Quo
488 1904 692 1952 defuncto,
717 1904 973 1953 episcopatus
1002 1903 1234 1953 prouinciae
1262 1903 1374 1941 illius
1403 1904 1447 1941 in
1476 1905 1576 1942 duas

317 1969 550 2017 parrochias
588 1969 746 2007 diuisus
784 1971 856 2008 est.
935 1969 1031 2007 Una
1068 1969 1163 2006 data
1207 1969 1410 2016 Daniheli,
1453 1982 1576 2018 quam

317 2047 447 2082 usque
480 2034 601 2071 hodie
636 2035 766 2084 regit;
806 2034 931 2072 altera
964 2033 1198 2081 Aldhelnm,
1235 2034 1300 2071 cui
1329 2034 1449 2072 annis
1479 2035 1575 2073 IIII

317 2099 598 2137 strenuissime
626 2100 826 2149 praefuit3
855 2100 975 2138 ambo
999 2101 1039 2137 et
1065 2099 1110 2136 in
1136 2099 1258 2137 rebus
1282 2099 1570 2143 ecclesiasticis,

317 2167 357 2202 et
377 2165 421 2202 in
443 2165 611 2203 scientia
630 2166 925 2215 scripturarum
941 2165 1187 2203 sufficienter
1202 2165 1402 2203 instructi.
1455 2165 1577 2204 Deni-

317 2244 396 2279 que
429 2231 640 2279 Aldhelm,
677 2245 771 2269 cum
810 2231 944 2269 adhuc
977 2232 1084 2269 esset
1122 2231 1336 2280 presbyter
1373 2232 1413 2269 et
1451 2231 1575 2269 abbas

316 2297 565 2344 monasterii,
584 2298 692 2346 quod
715 2297 937 2334 ‘Maildufiss
952 2296 1114 2334 urbem’
1127 2297 1380 2344 nuncupant,
1398 2296 1568 2345 scripsit,

315 2359 482 2396 iubente
503 2360 661 2408 synodo
682 2372 777 2397 suae
796 2359 942 2409 gentis,
966 2359 1119 2396 librum
1143 2358 1351 2408 egregium
1380 2359 1574 2397 aduersus

317 2436 498 2461 errorem
519 2425 777 2473 Brettonum,
802 2438 882 2474 quo
910 2424 977 2462 uel
1005 2423 1153 2474 pascha
1178 2437 1262 2461 non
1291 2437 1365 2461 suo
1389 2425 1572 2473 tempore

362 2521 370 2539 ¹
396 2522 596 2552 -berehtum
614 2523 648 2553 C.
734 2521 746 2538 2
769 2522 885 2552 eollan
904 2522 940 2553 C.
1033 2521 1044 2539 ³
1068 2521 1250 2552 danielum
1267 2521 1304 2553 C.
1387 2520 1398 2538 ⁴
1422 2521 1511 2552 hddi
1528 2522 1570 2552 N.

313 2576 324 2594 ⁵
346 2576 448 2616 peht-
466 2577 503 2609 C.
614 2575 625 2593 ὅ
650 2576 748 2607 -dubi
765 2576 803 2608 C.
820 2577 863 2608 N.

1603 1192 1624 1222 f.
1644 1203 1691 1228 114
1706 1204 1733 1223 a.
