1803 2887
296 150 374 182 CAP.
393 145 673 186 XXX[XXX11.]
722 137 873 179 Gentis
904 137 1174 192 Anylorum.
1465 138 1549 177 279

292 254 404 292 tione
424 267 496 303 per
516 253 604 291 eius
628 251 827 290 auxilium
856 250 1083 288 Dominum
1107 250 1184 288 sibi
1210 250 1436 300 propitium
1462 250 1550 288 fieri

291 319 531 368 precabatur
546 332 555 365 ;
582 320 704 366 atque
717 317 824 355 inter
839 329 977 365 preces
991 316 1055 354 uel
1062 318 1103 353 ut
1117 315 1160 353 in
1173 329 1359 364 soporem
1373 315 1544 363 solutus,

292 384 428 431 sentit,
453 386 498 422 ut
514 384 601 432 ipse
620 384 759 432 postea
773 383 920 420 referre
940 383 1026 419 erat
1045 381 1201 428 solitus,
1223 381 1337 430 quasi
1355 393 1548 429 magnam

292 449 499 498 latamque
537 461 709 486 manum
747 450 867 496 caput
907 447 984 485 sibi
1021 447 1065 484 in
1099 449 1224 496 parte,
1262 460 1342 495 qua
1371 445 1543 493 dolebat,

98 524 118 552 f.
135 521 211 559 98b.
291 515 484 564 tetigisse,
511 512 518 564 1
545 514 770 563 eodemque
799 515 910 551 tactu
940 514 1069 550 totam
1099 512 1225 559 illam,
1251 525 1352 561 quae
1381 511 1548 560 langore

292 593 429 629 pressa
458 580 601 627 fuerat,
633 579 810 628 corporis
841 579 903 616 sui
933 580 1100 628 partem,
1135 577 1333 627 paulatim
1362 576 1546 625 fugiente

293 646 441 693 dolore,
464 659 509 683 ac
539 645 713 684 sanitate
740 645 1025 693 subsequente,
1050 644 1099 681 ad
1126 643 1250 692 pedes
1279 641 1431 691 usque¹
1462 655 1546 691 per·

288 711 493 750 transisse.
556 712 645 760 Quo
677 713 793 759 facto,
828 725 925 749 mox
958 711 1156 760 euigilans
1189 709 1432 747 sanissimus
1464 721 1547 745 sur-

288 777 403 824 rexit,
423 790 467 814 ac
482 791 555 826 pro
571 791 642 815 sua
658 780 832 816 sanitate
848 777 1026 815 Domino
1038 775 1189 825 gratias
1205 775 1338 812 denuo
1354 774 1541 821 referens,

288 842 386 892 quid
399 856 491 892 erga
504 856 546 881 se
561 846 698 881 actum
713 846 830 890 esset,
846 842 1041 880 fratribus
1054 840 1250 879 indicauit
1270 855 1278 887 ;
1308 839 1546 888 cunctisque

288 909 648 957 congaudentibus,
679 909 730 946 ad
757 908 1046 954 ministerium,
1072 907 1181 955 quod
1209 905 1409 944 sollicitus
1438 905 1546 942 exhi-

288 973 383 1011 bere
395 972 407 991 '²
421 973 585 1017 solebat,
603 974 720 1023 quasi
731 975 893 1023 flagello
907 974 918 991 ³³·
933 973 1131 1022 probante
1146 971 1385 1020 castigatior,
1407 970 1540 1008 rediit.

94 1051 169 1080 Vita
340 1036 416 1075 Sed
448 1039 482 1074 et
511 1037 748 1085 indumenta,
780 1037 921 1085 quibus
951 1037 1036 1074 Deo
1067 1035 1246 1073 dicatum
1279 1045 1410 1081 empus
1443 1033 1545 1071 Cud-

93 1091 190 1165 {¹¹53}
284 1101 410 1139 bereti
425 1105 445 1149 ⁴,
462 1103 524 1139 uel
538 1103 677 1140 uiuum
689 1104 818 1150 antea,
836 1103 897 1140 uel
911 1103 1049 1151 postea
1065 1100 1308 1138 defunctum
1326 1100 1539 1144 nesam-anf,

94 1170 183 1198 cf-ib·
284 1166 407 1204 etiam
446 1168 533 1217 ipsa
571 1181 596 1206 α
630 1170 761 1216 qratia
799 1169 962 1206 curandi
1000 1179 1077 1205 non
1109 1167 1318 1212 uacarunt,
1353 1164 1459 1201 sicut
1497 1163 1541 1201 in

93 1219 116 1238 θ’
137 1218 178 1243 '²⁵'
286 1232 498 1271 uolumine
546 1234 654 1271 uitae
699 1236 739 1272 et
781 1234 987 1272 uirtutum
1033 1232 1121 1270 eius
1164 1231 1338 1281 quisque
1381 1230 1538 1280 legerit,

284 1298 479 1337 inueniet.

658 1439 779 1478 CAP.
814 1439 937 1477 XXX
967 1435 1187 1490 [xxm]

358 1538 394 1566 Ut
410 1539 484 1567 alter
498 1536 508 1553 ⁵
525 1540 567 1567 ad
582 1540 729 1575 'reliquias
745 1541 811 1568 eius
828 1539 1037 1574 nuperfuerz't
1052 1539 1091 1567 ab
1106 1539 1184 1566 oculi
1201 1538 1323 1573 langore
1339 1541 1474 1567 czcrw‘zcs.

337 1621 425 1660 Nnc
459 1623 622 1661 silentio
655 1624 1008 1673 praetereundum,
1047 1623 1155 1672 quod
1185 1624 1281 1660 ante
1313 1622 1542 1660 triennium
1566 1630 1717 1676 Another

282 1702 356 1738 per
384 1688 577 1738 reliquias
611 1689 698 1727 eius
728 1689 893 1737 factum,
923 1702 1055 1738 nuper
1085 1688 1190 1725 mihi
1219 1701 1290 1738 per
1317 1689 1463 1736 ipsum,
1499 1687 1541 1725 in
1568 1670 1708 1699 Mmaele.

284 1767 364 1803 quo
393 1754 548 1792 factum
574 1757 644 1802 est,
673 1754 843 1792 fratrem
866 1755 1058 1793 innotuit.
1120 1755 1195 1792 Est
1222 1756 1361 1792 autem
1388 1754 1543 1792 factum

282 1819 327 1856 in
347 1820 608 1867 monasterio,
633 1821 740 1869 quod
760 1821 871 1858 iuxta
896 1833 1063 1858 amnem
1083 1821 1236 1858 Dacore
1261 1822 1544 1857 constructum

281 1884 331 1922 ab
358 1898 404 1922 eo
430 1899 657 1934 cognomen
684 1886 848 1935 accepit,
874 1886 939 1923 cui
968 1888 1067 1924 tunc
1097 1886 1160 1923 uir
1186 1885 1402 1935 religiosus
1429 1885 1542 1923 Suid-

282 1951 420 1990 berct⁶
460 1952 617 1990 abbatis
663 1951 751 1990 iure
797 1952 985 2001 praefuit.
1044 1952 1143 1990 Erat
1191 1952 1235 1989 in
1284 1965 1330 1989 eo
1371 1952 1539 2000 quidam

280 2016 528 2065 adulescens,
554 2018 621 2055 cui
649 2019 789 2055 tumor
817 2017 1012 2055 deformis
1035 2017 1275 2066 palpebram
1299 2017 1406 2054 oculi
1435 2018 1540 2056 feda-

280 2084 420 2130 uerat;
464 2083 534 2131 qui
574 2096 667 2120 cum
706 2096 779 2132 per
820 2083 906 2120 dies
944 2096 1127 2121 crescens
1165 2083 1283 2121 oculo
1321 2083 1538 2121 interitum

280 2147 522 2196 minaretur,
560 2149 756 2186 curabant
794 2148 945 2186 medici
977 2149 1088 2186 hunc
1127 2149 1325 2198 adpositis
1358 2149 1540 2199 pigmen-

279 2214 417 2250 torum
444 2213 642 2251 fomentis
670 2214 864 2262 emollire,
894 2227 968 2252 nec
999 2214 1203 2252 ualebant.
1264 2214 1440 2262 Quidam
1474 2215 1537 2252 ab·

280 2277 520 2317 scidendum
550 2292 636 2317 esse
665 2279 875 2325 docebant,
909 2279 980 2317 alii
1011 2280 1088 2317 hoc
1114 2279 1204 2317 fieri
1232 2282 1346 2318 metu
1370 2280 1538 2319 maioris

280 2343 451 2391 periculi
470 2344 678 2381 uetabant.
736 2344 923 2393 Cumque
946 2347 1130 2394 tempore
1154 2359 1239 2383 non
1264 2359 1390 2394 pauco
1414 2346 1540 2384 frater

281 2408 486 2456 prae-fatus
514 2410 586 2447 tali
616 2410 878 2447 incommodo
907 2410 1120 2459 laboraret,
1158 2424 1292 2460 neque
1330 2411 1541 2449 inminens

324 2507 333 2524 ¹
359 2508 403 2538 ad
419 2531 426 2538 .
445 2530 453 2538 .
471 2533 477 2539 .
493 2518 604 2547 usque
618 2518 674 2538 om.
693 2508 728 2539 C.
743 2508 835 2547 01-4.
850 2509 891 2539 D.
906 2509 964 2540 &c.
1003 2508 1014 2525 ²
1030 2510 1241 2540 exhibebere
1258 2510 1301 2541 M.
1351 2509 1362 2527 ³
1378 2511 1476 2550 -gillo
1488 2511 1533 2542 M.

280 2559 292 2576 ¹
316 2559 468 2590 —berchti
487 2560 521 2591 C.
615 2560 626 2578 ⁵
650 2570 674 2591 v.
694 2562 776 2591 note
794 2560 813 2600 ¹,
833 2571 865 2600 p.
885 2562 957 2599 278.
1048 2562 1059 2579 ⁶
1083 2562 1280 2593 suitbercht
1297 2563 1331 2594 C.
