1803 2887
314 145 398 185 282
673 143 883 185 Historia
914 143 1220 185 Ecclesiastica
1422 151 1507 192 [Lm.
1528 155 1565 184 V.

314 261 525 307 certantes,
558 257 753 302 {tandem
787 259 879 307 post
909 259 1023 307 terga
1056 258 1359 307 respiceremus,
1395 259 1429 296 si
1462 259 1567 296 forte
1591 264 1724 292 f.100a.
1774 270 1775 274 ¹

315 324 380 361 uel
419 324 562 373 ipsam,
605 324 655 361 de
694 336 774 372 qua
812 323 963 372 egressi
1001 337 1173 371 eramus,
1211 324 1391 361 insulam
1429 324 1567 372 aliquo

314 390 529 427 conamine
549 391 731 438 repetere
761 402 985 438 possemuS,
1010 389 1248 426 inuenimus
1271 402 1347 426 nos
1367 389 1566 438 undique-

314 468 480 492 uersum
514 455 601 503 pari
634 455 877 503 tempestate
905 455 1144 503 praeclusos,
1182 454 1422 503 nullamque
1453 467 1567 503 spem
1776 470 1782 496 ,ι

314 520 433 557 nobis
463 520 506 557 in
545 520 664 557 nobis
703 522 853 557 restare
891 520 1047 557 salutis.
1106 519 1190 557 Ubi
1227 521 1365 557 autem
1404 519 1567 569 longius

314 586 450 622 uisum
471 585 712 632 leuauimus,
736 584 918 623 uidimus
942 586 984 623 in
1012 585 1098 633 ipsa
1123 585 1259 622 insula
1286 585 1416 622 Farne
1442 597 1570 634 egres·
1780 579 1789 616 l*

315 663 407 687 sum
428 651 477 688 de
498 650 679 687 latibulis
702 650 787 687 suis
806 650 1138 688 amantissimum
1165 650 1249 687 Deo
1269 652 1426 699 patrem
1447 649 1570 688 Oidil-
1777 657 1783 693 {z

316 716 483 753 ualdum
504 715 582 753 iter
598 718 786 753 nostrum
806 716 1015 764 inspicere.
1061 716 1218 753 Audito
1239 716 1393 753 etenim
1412 716 1571 764 fragore

315 781 584 829 procellarum
619 794 662 818 ac
696 781 895 818 feruentis
928 781 1067 818 oceani
1101 781 1254 819 exierat
1282 781 1432 829 uidere,
1470 780 1568 830 quid

317 846 437 883 nobis
469 846 697 894 accideret;
740 859 915 895 cumque
950 859 1026 884 nos
1058 846 1102 884 in
1136 846 1272 884 labore
1309 860 1353 884 ac
1387 847 1569 895 despera-
1778 853 1783 874 l

316 911 451 949 tione¹
480 912 633 960 positos
657 914 847 959 cerneret,
872 912 1057 950 flectebat
1080 925 1213 961 genua
1239 925 1311 949 sua
1335 912 1385 949 ad
1411 913 1570 961 patrem
1594 917 1633 962 gf:
1652 917 1732 952 Ephv

320 977 486 1015 Domini
517 977 648 1014 nostri
682 977 776 1015 Iesu
807 977 959 1015 Christi
987 991 1059 1027 pro
1087 979 1226 1015 nostra
1256 977 1343 1015 uita
1368 979 1408 1014 et
1440 977 1572 1015 salute
1594 966 1639 985 ¹¹¹⁸
1659 965 1698 991 ¹⁴¹

316 1045 563 1092 precaturus.
608 1043 661 1080 Et
678 1056 772 1080 cum
788 1043 1014 1081 orationem
1030 1044 1246 1092 conpleret,
1265 1042 1391 1081 simul
1410 1042 1572 1080 tumida

316 1122 489 1157 aequora
508 1109 684 1157 placauit
705 1123 713 1156 ;
743 1108 842 1146 adeo
862 1110 919 1156 ut,
944 1111 1126 1147 cessante
1152 1122 1225 1158 per
1244 1108 1381 1146 onmia
1400 1107 1572 1146 saeuitia

317 1173 583 1222 tempestatis
623 1174 791 1211 secundi
825 1187 901 1211 nos
930 1174 1043 1212 uenti
1077 1174 1126 1212 ad
1159 1176 1312 1212 terram
1342 1187 1470 1222 usque
1500 1185 1573 1221 per

317 1239 439 1288 plana
469 1239 594 1276 maris
623 1241 737 1288 terga
766 1239 1069 1278 comitarentur.
1131 1240 1316 1288 Cumque
1351 1239 1572 1289 euadentes

317 1305 365 1341 ad
386 1306 547 1351 terram,
573 1304 808 1342 nauiculam
829 1318 991 1354 quoque
1011 1307 1194 1343 nostram
1214 1305 1263 1343 ab
1284 1304 1406 1342 undis
1430 1316 1571 1352 expor-

317 1372 509 1417 taremuS,
552 1383 648 1407 mox
691 1370 843 1418 eadem,
886 1384 988 1419 quae
1027 1370 1157 1409 nostri
1198 1369 1329 1420 gratia
1365 1369 1573 1407 modicum

320 1435 496 1483 siluerat,
517 1437 738 1484 tempestas
753 1435 884 1484 rediit,
905 1438 944 1474 et
965 1438 1050 1474 toto
1065 1436 1137 1473 illo
1157 1436 1222 1473 die
1242 1435 1424 1473 multum
1440 1434 1574 1472 furere

321 1514 405 1539 non
426 1500 600 1538 cessauit
620 1515 628 1548 3
658 1502 703 1539 ut
723 1501 858 1550 palam
882 1502 1045 1539 daretur
1071 1501 1268 1550 intellegi,
1297 1500 1392 1550 quia
1415 1499 1576 1538 modica

320 1567 402 1614 illa,
434 1579 537 1615 quae
564 1569 820 1616 prouenerat‚
845 1566 1104 1616 intercapedo
1131 1566 1290 1616 quietis,
1320 1566 1369 1603 ad
1396 1565 1476 1603 uiri
1500 1565 1577 1603 Dei

320 1645 458 1681 preces
480 1634 642 1670 nostrae
663 1632 868 1670 euasionis
886 1632 1015 1682 gratia
1035 1631 1204 1670 caelitus
1223 1632 1372 1670 donata
1391 1631 1478 1668 est.'

375 1699 529 1737 Mansit
560 1699 698 1736 autem
732 1697 842 1735 idem
876 1698 940 1735 uir
970 1697 1048 1736 Dei
1080 1697 1125 1735 in
1158 1697 1295 1735 insula
1327 1697 1457 1734 Farne
1486 1695 1575 1734 XII

321 1764 452 1811 annis,
495 1765 730 1812 ibidemque
758 1763 1029 1811 defunctus'²;
1069 1762 1139 1801 sed
1174 1762 1217 1800 in
1249 1762 1384 1800 insula
1420 1761 1578 1800 Lindis-

321 1830 504 1867 sarnensi
542 1830 656 1867 iuxta
689 1829 964 1878 praefatorum
1004 1841 1172 1877 corpora
1209 1827 1492 1877 episcoporum
1531 1827 1574 1864 in

321 1896 490 1934 ecclesia
514 1895 623 1934 beati
648 1895 823 1945 apostoli
847 1895 963 1933 Petri
986 1895 1173 1943 sepultus
1196 1896 1267 1937 est.
1329 1894 1454 1931 Gesta
1479 1907 1576 1931 uero

321 1964 419 1999 sunt
438 1962 537 1999 haec
553 1961 809 2010 temporibus
828 1960 1012 1999 Aldfridi
1024 1960 1035 1979 ³
1056 1959 1172 2008 regis,
1198 1959 1269 2008 qui
1288 1961 1380 2008 post
1406 1959 1576 1996 fratrem

323 2041 444 2065 suum
461 2028 703 2077 Ecgfridum
718 2026 831 2076 genti
849 2025 1290 2076 Nordanhymbrorum
1305 2025 1345 2062 X
1360 2027 1400 2062 et
1415 2025 1551 2063 VIIII
1566 2025 1577 2043 ⁴

321 2093 442 2131 annis
460 2093 648 2143 praefuit.

839 2199 959 2238 CAP.
994 2198 1053 2236 ΙΙ.

488 2290 525 2317 Ut
539 2290 694 2325 episcopus
709 2290 864 2318 Iohannes
883 2290 1004 2316 mutum
1016 2285 1027 2302 ⁵
1044 2288 1237 2316 benedicendo
1254 2289 1417 2317 curetum-it.

96 2377 196 2411 John,
378 2365 537 2403 CUIUSe
575 2366 692 2414 regni
737 2364 939 2414 principio
986 2363 1181 2401 defuncto
1229 2362 1332 2401 Eata
1378 2363 1575 2413 episcopo,

97 2416 264 2484 ssfss‘ffissf
324 2430 533 2468 Iohannes
561 2430 626 2467 uir
656 2432 821 2468 sanctus
852 2426 1223 2480 Hagustaldensis⁷
1254 2428 1443 2467 ecclesiae
1471 2442 1580 2479 prae-

369 2515 378 2533 ¹
405 2517 498 2556 disp·
515 2516 559 2547 M.
665 2516 676 2532 ²
699 2519 771 2547 -tus
787 2519 840 2548 est
856 2517 891 2548 C.
996 2516 1008 2533 ³
1031 2517 1096 2547 alt—
1112 2517 1152 2548 N.
1243 2516 1254 2533 ⁴
1276 2526 1368 2548 xvnl
1384 2517 1419 2547 C.
1511 2516 1522 2534 ⁵
1544 2518 1579 2547 et

328 2569 523 2599 scabiosum
539 2572 612 2600 add.
630 2569 673 2600 M.
687 2579 744 2600 om.
758 2569 796 2600 B.
811 2570 845 2600 O.
866 2570 905 2600 N.
920 2569 986 2600 AS.
1077 2570 1088 2587 ⁶
1110 2569 1218 2600 huius
1231 2569 1266 2600 G.
1355 2567 1367 2585 ⁷
1391 2578 1446 2608 ag·
1463 2568 1504 2599 N.
1785 2575 1798 2601 l·-
