1803 2887
307 162 390 202 4522
698 160 899 216 Epistola
927 161 1039 203 Beda
1070 161 1130 203 acl

307 273 357 311 de
395 286 535 311 eorum
570 273 655 312 uita
689 273 755 312 uel
786 273 918 311 salute
947 275 1111 312 aeterna
1146 274 1335 321 confidas,
1375 274 1444 324 qui
1474 275 1560 312 toto

307 338 415 376 uitae
454 351 549 376 suae
582 341 770 388 tempore
800 352 871 387 per
905 339 1030 377 latam
1061 340 1221 388 portam
1261 341 1300 376 et
1339 340 1559 389 spatiosam

305 400 490 438 incedere
520 401 651 439 uiam¹
685 403 919 450 noscuntur,
953 403 994 439 et
1024 415 1075 439 116
1109 401 1152 438 111
1178 401 1366 439 minimis
1395 401 1561 451 quidem

309 466 431 503 rebus
469 466 673 515 uoluptati
712 466 776 504 sui
816 467 882 504 uel
920 468 1097 515 corporis
1136 466 1203 504 uel
1241 466 1380 514 animi,
1412 464 1415 517 Ι
1442 480 1561 505 causa

307 544 507 580 supernae
544 531 827 569 retributionis
865 531 1060 569 obsistere
1096 532 1161 569 uel
1196 545 1421 581 repugnare
1454 546 1563 570 cura-

306 596 434 643 bant3
465 596 544 634 nisi
576 596 679 634 forte
709 610 781 646 per
811 597 1065 645 elemosinas,
1087 610 1187 645 quas
1217 597 1325 634 inter
1358 597 1565 646 concupis-

309 659 462 695 centias
496 659 720 696 cotidianas
759 672 803 697 ac
842 659 1007 697 delicias
1044 659 1290 708 pauperibus
1329 660 1424 697 dare
1457 659 1565 697 uide-

308 722 469 772 bantur,
504 724 746 761 criminibus
773 724 931 762 absolui
959 723 1101 773 posse2
1121 725 1311 763 credendi
1337 727 1446 773 sunt,
1471 739 1564 763 cum

309 801 459 826 manus
490 789 578 838 ipsa
612 791 652 827 et
679 790 935 837 conscientia,
971 803 1072 839 quae
1103 803 1257 828 munus
1290 790 1432 828 offerat
1463 791 1560 839 Deo,

308 855 465 891 munda
493 867 515 891 a
541 855 716 903 peccatis
745 868 831 892 esse
862 855 1005 893 debeat
1031 856 1096 893 et3
1118 855 1327 903 absoluta;
1357 857 1428 893 aut
1457 857 1564 893 certe

310 932 384 968 per
412 919 608 969 mysteria
636 923 909 958 sacrosanctae
929 921 1156 968 oblationis,
1182 920 1330 970 quibus
1349 920 1437 969 ipsi,
1463 921 1564 958 dum

310 985 510 1032 uiuerent,
559 985 720 1035 indigni
764 987 993 1033 extiterant,
1045 999 1116 1035 per
1153 986 1255 1024 alios
1292 986 1375 1024 iam
1413 986 1566 1023 mortui

310 1050 458 1088 redimi
478 1064 595 1099 posse
614 1051 804 1100 sperandi
823 1053 931 1090 sunt.
992 1052 1061 1089 An
1081 1052 1187 1089 forte
1206 1051 1439 1101 permodica
1458 1051 1542 1089 illis
1555 1053 1567 1071 ⁴

311 1116 429 1164 culpa
457 1116 622 1154 uidetur
651 1117 762 1154 esse⁵
782 1117 1133 1166 concupiscentiae
1146 1118 1166 1155 ἱ)
1191 1117 1244 1155 ,de
1264 1130 1343 1166 qua
1362 1117 1427 1154 etss
1446 1117 1567 1166 paulo

311 1181 434 1219 latius
481 1181 700 1230 disputem.
762 1182 874 1220 Haec
913 1183 1081 1220 Balaam
1094 1182 1117 1229 ⁷,
1159 1182 1297 1220 uirum
1328 1183 1567 1231 prophetiae

312 1246 459 1296 spiritu
479 1246 778 1295 plenissimum,
798 1260 820 1284 a
840 1249 947 1285 sorte
968 1249 1202 1285 sanctorum
1222 1247 1316 1285 fecit
1337 1249 1540 1285 extorrem
1558 1262 1566 1295 3

311 1313 468 1359 Achan,
494 1311 630 1349 filium
651 1312 819 1350 Charmi
832 1312 859 1358 ⁸,
880 1312 1172 1350 communione
1192 1313 1465 1350 anathematis
1485 1313 1568 1362 pol-

313 1377 401 1425 luit,
426 1390 470 1414 ac
490 1377 668 1426 perdidit
683 1378 721 1425 9;
751 1377 849 1416 Saul
877 1378 990 1426 regni
1013 1378 1155 1415 infulis
1180 1378 1354 1415 nudauit
1373 1392 1381 1426 ;
1412 1378 1526 1416 Giezi
1544 1378 1569 1398 ¹⁰

312 1442 550 1491 prophetiae
581 1442 740 1480 meritis
769 1443 958 1492 priuauit,
992 1457 1036 1481 ac
1065 1445 1259 1492 perpetua
1291 1443 1426 1492 leprae
1455 1445 1570 1492 peste

314 1522 408 1546 cum
425 1521 498 1546 suo
512 1507 670 1559 semine
686 1508 840 1546 fedauit
855 1507 879 1528 ¹¹
897 1523 906 1556 3
936 1509 1083 1546 Iudam
1100 1509 1341 1546 Scariothen
1355 1510 1403 1547 de
1417 1511 1570 1559 aposto·

314 1574 424 1612 latus
448 1573 575 1622 gloria
595 1574 783 1623 deposuit
803 1588 812 1621 ;
841 1573 1080 1611 Annaniam
1100 1575 1141 1611 et
1163 1574 1389 1623 Saphiram,
1415 1574 1465 1612 de
1485 1575 1571 1624 qui-

314 1639 391 1677 bus
406 1638 693 1688 praediximus,
714 1639 1007 1677 monachorum
1024 1639 1193 1688 collegio
1206 1639 1397 1689 indignos
1411 1640 1535 1678 etiam
1545 1639 1570 1658 ¹²

315 1704 491 1753 corporis
506 1706 638 1742 morte
660 1704 855 1742 multauit
873 1719 881 1752 ;
911 1706 960 1752 et,
985 1706 1031 1742 ut
1043 1705 1092 1742 ad
1114 1705 1320 1754 superiora
1340 1706 1570 1752 ueniamus,

314 1770 412 1808 haec
432 1770 598 1819 angelos
618 1783 641 1807 a
660 1770 769 1807 caelo
790 1769 933 1808 deiecit
952 1784 959 1817 ;
989 1772 1029 1807 et
1044 1770 1315 1819 protoplastos
1335 1783 1358 1808 a
1377 1770 1571 1809 Paradiso

314 1837 532 1885 perpetuae
553 1835 776 1884 uoluptatis
804 1835 972 1884 expulit.
1034 1836 1088 1873 Et
1115 1836 1150 1873 si
1177 1849 1296 1873 nosse
1323 1836 1398 1884 uis,
1423 1836 1489 1873 hic
1510 1838 1571 1874 est

315 1900 386 1938 ille
406 1900 554 1949 triceps
575 1900 802 1938 inferorum
824 1901 945 1948 canis,
972 1901 1037 1939 cui
1055 1901 1215 1938 fabulae
1236 1901 1400 1939 Cerberi
1418 1914 1572 1940 nomen

315 1966 554 2004 indiderunt
571 1964 606 2014 ¹³,
645 1978 668 2003 a
703 1965 817 2003 cuius
848 1965 1000 2004 rabidis
1027 1966 1219 2004 dentibus
1247 1980 1323 2004 nos
1349 1967 1572 2016 prohibens

316 2031 527 2069 Iohannes
564 2031 774 2080 apostolus
811 2031 895 2069 ait:
947 2031 1192 2079 ‘CarissimL
1236 2032 1365 2070 nolite
1403 2032 1571 2082 diligere

316 2098 532 2145 mundum,
568 2111 701 2147 neque
738 2111 784 2136 ea
822 2111 925 2147 quae
958 2097 1003 2135 in
1037 2098 1194 2135 mundo
1225 2100 1333 2137 sunt.
1405 2098 1449 2136 Si
1480 2099 1572 2148 quis

316 2163 451 2212 diligit
466 2163 682 2210 mundum,
699 2176 784 2201 non
804 2165 865 2201 est
886 2163 1031 2201 caritas
1046 2163 1181 2201 Patris
1200 2163 1243 2201 in
1264 2176 1320 2201 eo,
1368 2164 1572 2211 Quoniam

316 2242 439 2267 omne
460 2229 566 2278 quod
596 2228 638 2265 in
667 2229 823 2266 mundo
844 2230 915 2276 est,
941 2228 1267 2277 concupiscentia
1286 2228 1416 2266 carnis
1436 2231 1507 2277 est,
1533 2231 1573 2268 et

361 2322 369 2339 ¹
393 2325 489 2353 uiam
507 2324 575 2354 inc.
597 2324 640 2354 M.
761 2323 773 2341 ²
794 2324 949 2363 potuisse
966 2323 1013 2354 M.
1124 2322 1134 2339 ³
1159 2325 1194 2354 et
1211 2333 1269 2354 om.
1286 2321 1345 2354 H¹.
1465 2323 1476 2340 '¹
1501 2324 1574 2355 illis

316 2385 426 2415 perm.
448 2375 493 2406 M.
599 2374 611 2392 ⁵
635 2385 708 2406 esse
724 2385 782 2407 om.
803 2375 850 2407 H.
947 2375 959 2394 ⁶
981 2376 1016 2405 et
1032 2385 1090 2405 om.
1108 2374 1154 2406 M.
1260 2373 1272 2390 ⁷
1296 2375 1434 2406 balaam
1450 2386 1509 2407 om.
1526 2376 1571 2407 H.

318 2429 329 2446 ³
352 2430 386 2460 M
403 2432 492 2460 omits
515 2429 630 2460 filium
648 2430 797 2468 charmi,
816 2433 866 2460 bul
888 2430 923 2460 H
942 2433 1031 2460 reads
1051 2429 1209 2460 acharmi
1222 2432 1319 2460 which
1334 2440 1428 2460 seems
1449 2433 1474 2460 to
1488 2434 1576 2468 point

316 2486 342 2512 to
359 2484 419 2512 this
435 2492 471 2511 as
487 2485 531 2512 the
547 2484 678 2519 oriyinal
706 2485 845 2521 reading,
865 2481 909 2512 cf.
927 2481 994 2512 Ios.
1014 2481 1074 2512 vii.
1099 2481 1147 2511 18.
1215 2483 1227 2498 ³
1263 2482 1360 2521 perd.
1380 2491 1419 2512 ac
1436 2483 1506 2522 pol.
1524 2483 1569 2514 M.

317 2533 340 2550 ¹⁰
365 2535 430 2564 iezi
447 2534 502 2571 H;
526 2534 623 2573 gyezi
637 2533 681 2565 M.
786 2532 808 2549 ¹¹
833 2533 902 2564 fed.
921 2543 950 2564 c.
967 2543 993 2564 s.
1010 2542 1094 2564 sem.
1115 2532 1161 2564 M.
1275 2532 1299 2550 ¹²
1321 2534 1429 2565 etiam
1446 2544 1503 2566 om.
1525 2535 1569 2566 H.

317 2587 341 2606 ¹3
367 2590 556 2629 imponunt
574 2588 620 2620 M.

1584 473 1606 502 f.
1623 474 1660 510 96
1675 474 1701 502 b.

1599 2049 1608 2067 1
1626 2039 1697 2067 Ioh.
1715 2039 1746 2068 ii.
1774 2040 1775 2044 ’

1599 2087 1636 2115 15,
1656 2079 1694 2108 16.
