1803 2887
285 147 363 177 Cap,
381 142 474 183 X11.]
687 134 838 177 Gentis
868 135 1138 189 Awyloruw.
1461 137 1539 175 151

282 251 521 289 accessionis
552 252 812 299 exspectaret,
848 249 1057 298 ingressus
1087 249 1136 286 ad
1167 262 1262 286 eum
1294 249 1461 298 quidam
1492 250 1553 287 de.

282 317 477 354 fratribus
497 331 505 354 z
539 316 664 363 ‘Uis,’
683 315 831 364 inquit,
860 315 940 351 ‘mi
956 316 1061 360 nate,
1083 315 1249 351 doceam
1265 316 1315 361 te,
1335 315 1540 363 quomodo

283 382 435 419 cureris
472 381 522 418 ab
556 379 702 418 huius¹
733 379 922 417 molestia
952 379 1164 429 langoris?
1221 379 1362 428 Surge,
1405 379 1538 428 ingre-

282 446 402 483 dere2
432 446 650 492 ecclesiam,
686 447 726 483 et
754 445 950 482 accedens
977 446 1027 482 ad
1060 444 1325 493 sepulchrum
1354 445 1534 489 Osualdi,

281 511 338 549 ibi
367 512 507 558 reside,
543 513 582 548 et
610 510 771 559 quietus
797 523 970 547 manens
999 510 1147 547 adhere
1176 510 1353 548 tumbae.
1417 510 1535 557 Uide,

281 590 333 613 ne
371 590 488 614 exeas
526 576 633 623 inde,
677 589 752 612 nec
795 576 844 612 de
884 575 972 612 loco
1012 574 1226 619 mouearis,
1271 575 1399 612 donec
1438 576 1538 613 hora

279 641 516 679 recessionis
548 641 725 678 febrium
759 640 977 678 transierit.
1035 641 1150 677 Tunc
1180 640 1265 689 ipse
1297 640 1467 689 intrabo,
1498 643 1538 679 et

278 708 448 745 educam
479 709 519 743 te
550 706 672 744 inde.'
730 706 840 743 Fecit·
885 707 930 743 ut
963 705 1032 742 ille
1057 707 1267 753 suaserat3
1313 707 1539 744 sedentem·

279 787 357 821 que
378 773 427 810 ad
480 772 669 809 tumbam
689 738 1069 819 sanctiffinfirmitas
1089 773 1256 819 tangere
1277 785 1537 821 nequaquam

278 837 551 887 praesumsit3
587 838 687 886 quin
719 837 762 874 in
794 838 960 874 tantum
990 836 1143 874 timens
1176 837 1344 885 aufugit,
1382 839 1429 875 ut
1462 851 1536 875 nec

277 903 453 940 secunda
484 902 558 949 die,
592 916 666 939 1100
693 901 823 949 tertia,
862 915 995 950 neque
1030 915 1229 950 umquam
1262 903 1408 939 exinde
1439 916 1534 941 eum

276 969 442 1006 auderet
457 958 709 1021 contingere]
749 968 865 1015 Quod
882 967 938 1005 ita
959 980 1044 1004 esse
1060 969 1231 1016 gestum.
1254 967 1323 1017 qui
1336 968 1534 1007 referebat

276 1031 390 1078 mihi,
433 1031 557 1068 frater
594 1030 690 1068 inde
724 1030 948 1067 adueniens
980 1030 1137 1077 adiecit,
1177 1031 1284 1079 quod
1319 1044 1365 1067 eo
1403 1031 1535 1069 adhuc

274 1099 466 1146 tempore,
499 1110 579 1145 quo
600 1109 762 1133 mecum
783 1095 1036 1144 loquebatur,
1062 1098 1292 1144 superesset
1318 1096 1361 1133 in
1389 1097 1533 1135 eodem

273 1161 521 1199 monasterio
542 1162 624 1199 iam
651 1161 815 1199 iuuenis
836 1161 914 1209 ille,
940 1161 985 1198 in
1013 1174 1093 1209 quo
1113 1163 1212 1198 tunc
1232 1174 1357 1210 puero
1377 1162 1533 1200 factum

80 1234 119 1278 pf.
138 1234 206 1262 Act.
273 1230 357 1265 erat
386 1228 461 1265 hoc
492 1227 737 1264 miraculum
767 1227 965 1264 sanitatis.
1029 1226 1111 1263 Nec
1138 1226 1375 1264 mirandum
1396 1240 1532 1275 preces

82 1282 120 1300 Ν
138 1283 177 1301 ²²
273 1293 379 1341 regis
400 1293 513 1330 illius
538 1293 617 1330 iam
648 1306 742 1329 cum
763 1292 943 1329 Domino
965 1292 1174 1341 regnantis
1194 1292 1375 1330 multum
1396 1293 1532 1331 ualere

271 1359 379 1408 apud
418 1372 523 1405 eum,
567 1358 637 1407 qui
674 1358 915 1407 temporalis
960 1359 1076 1408 regni
1120 1359 1353 1407 quondam⁴
1392 1360 1531 1408 guber-

271 1424 416 1461 nacula
454 1426 610 1471 tenens,
655 1423 786 1472 magis
833 1438 906 1473 pro
954 1426 1120 1462 aeterno
1167 1425 1319 1474 1·ος1105
1366 1437 1532 1473 semper

269 1489 451 1528 laborare
471 1503 515 1527 ac
536 1490 741 1538 deprecari
763 1491 929 1528 solebat.

325 1555 512 1604 Denique
546 1556 694 1601 ferunt,
734 1555 829 1604 quia
860 1569 883 1593 a
916 1558 1099 1605 tempore
1132 1556 1359 1593 matutinae
1398 1556 1530 1594 laudis
1553 1564 1742 1591 Traditions

269 1621 429 1669 saepius
448 1621 496 1658 ad
518 1621 626 1658 diem
648 1634 774 1669 usque
797 1621 840 1659 in
867 1621 1119 1659 orationibus
1144 1622 1385 1671 persteterit,
1410 1624 1530 1671 atque
1554 1604 1692 1671 323?st

269 1686 319 1723 ob
340 1687 528 1723 crebrum
548 1699 706 1723 morem
726 1686 880 1735 orandi,
905 1687 993 1724 siue
1013 1687 1162 1736 gratias
1182 1688 1330 1736 agendi
1351 1688 1530 1725 Domino

268 1764 430 1800 semper
459 1751 709 1800 ubicumque
743 1752 898 1800 sedens,
935 1753 1102 1801 supinas
1140 1767 1262 1802 super
1293 1767 1425 1802 genua
1458 1766 1531 1792 sua

6 1810 12 1856 Ι1
268 1830 414 1854 manus
435 1817 582 1854 habere
605 1817 750 1855 solitus
777 1817 839 1856 sit.
901 1818 1131 1867 Uulgatum
1158 1821 1219 1856 est
1245 1821 1393 1867 autem,
1419 1821 1459 1856 et
1485 1819 1529 1857 in

266 1882 606 1920 consuetudinem
643 1883 848 1931 prouerbii
885 1897 1064 1927 uersum,
1108 1885 1216 1933 quod
1256 1885 1379 1922 etiam
1420 1885 1529 1923 inter

267 1948 390 1985 uerba
428 1947 622 1985 orationis
660 1948 790 1986 uitam
828 1949 991 1987 finierit.
1054 1949 1161 1986 Nam
1201 1963 1295 1987 cum
1328 1950 1454 1987 armis
1488 1953 1528 1988 et

265 2013 454 2051 hostibus
473 2013 768 2062 circumseptus
789 2014 1036 2063 iamiamque
1056 2015 1239 2052 uideret⁶
1259 2028 1301 2052 se
1322 2029 1407 2053 esse
1427 2016 1527 2065 peri-

72 2085 92 2112 f·
108 2093 181 2118 5321.
265 2079 475 2125 mendum,
507 2078 510 2129 l
537 2080 667 2116 orauit
696 2092 769 2128 pro
797 2079 1013 2117 animabus
1039 2081 1240 2118 exercitus
1269 2081 1342 2119 sui.
1405 2082 1527 2119 Unde

265 2145 408 2182 dicunt
436 2144 480 2181 in
506 2144 747 2193 prouerbio:
787 2145 920 2182 ‘Deus
945 2145 1140 2184 miserere
1165 2146 1390 2194 animabus,
1423 2147 1526 2185 dixit

265 2210 417 2248 Osuald
437 2211 586 2247 cadens
605 2210 649 2247 in
668 2212 848 2249 terram.’

319 2276 420 2313 Ossa
449 2275 574 2324 igitur
594 2275 707 2313 illius
731 2277 927 2314 translata
953 2279 993 2314 et
1018 2277 1181 2315 condita
1207 2280 1305 2315 sunt
1325 2278 1368 2315 in
1388 2292 1526 2316 mona·
1549 2287 1628 2331 Fare
1644 2288 1742 2314 ot'his

265 2341 397 2388 sterio,
416 2354 494 2390 quo
508 2341 697 2379 diximus.
740 2342 868 2380 Porro
884 2344 1004 2391 caput
1020 2345 1059 2380 et
1074 2356 1223 2381 manus
1239 2357 1334 2381 cum
1350 2344 1526 2382 brachiis
1548 2326 1651 2354 rehos.

264 2420 287 2445 a
306 2420 470 2455 corpore
489 2407 686 2456 praecisas
705 2407 824 2445 iussit
839 2421 918 2456 rex,
937 2408 1008 2457 qui
1029 2408 1235 2456 occiderat,
1253 2409 1297 2446 in
1315 2410 1525 2459 stipitibus

308 2503 317 2520 ¹
342 2504 450 2535 huius
467 2506 563 2537 modi
581 2506 616 2537 O.
631 2505 683 2537 B2.
776 2505 788 2522 2
811 2507 900 2537 -dire
917 2507 962 2538 w.
1054 2506 1066 2524 3
1088 2517 1169 2537 eum
1186 2508 1231 2537 ad
1250 2508 1285 2538 C.
1377 2507 1386 2524 ⁴
1410 2518 1520 2547 quon-

265 2556 346 2586 dam
363 2568 420 2588 om.
441 2558 485 2588 M.
576 2559 587 2576 ⁵
611 2569 718 2598 regno
735 2569 792 2589 om.
813 2559 857 2590 M.
960 2560 972 2577 ὃ
995 2559 1128 2590 uiderit
1145 2560 1180 2590 O.
