1803 2887
55 1946 144 1973 Eoun
150 1947 168 1972 d
173 1955 203 1973 a·

52 1986 120 2013 tion
136 1988 171 2012 of

54 2025 97 2052 La
101 2031 128 2052 st
132 2025 165 2052 in
169 2034 200 2059 g-

52 2065 130 2091 ham
147 2065 188 2098 by

54 2104 237 2131 Ethelwald

53 2144 88 2169 of
100 2144 204 2171 Deira.

290 146 373 184 174
635 143 688 184 H
689 143 845 186 istoria
875 143 1183 185 Ecclesiastioa
1376 151 1463 192 [Lm.
1483 155 1542 185 111.

285 273 306 298 a
336 259 493 307 comite,
518 259 690 297 intrauit
720 258 959 308 epulaturus
987 259 1157 296 domum
1187 258 1284 299 eius.
1346 259 1425 307 Qui
1449 272 1543 297 cum

285 326 444 373 abisset,
470 325 653 363 obuiauit
673 325 711 362 ei
731 326 914 362 antistes.
957 325 1017 361 At
1037 338 1108 362 rex
1128 324 1296 362 intuens
1316 338 1422 372 eum,
1447 338 1543 363 mox

285 391 546 428 tremefactus
566 390 732 428 desiluit
747 388 758 407 ¹
780 403 894 439 equo,
919 389 1145 439 ceciditque
1171 392 1267 428 ante
1292 390 1416 439 pedes
1442 390 1538 437 eius,

285 457 451 494 ueniam
474 457 610 493 reatus
629 455 642 474 ²
662 456 886 505 postulans.
948 456 1054 493 Nam
1084 457 1124 493 et
1153 455 1365 504 episcopus
1393 455 1544 504 parit-er

286 521 452 559 desiluit
465 520 476 540 ¹
496 535 504 568 3
534 521 692 559 sederat
708 521 818 559 enim
839 524 879 560 et
899 521 985 570 ipse
1005 521 1050 558 in
1070 534 1185 570 equo.
1248 520 1385 558 Iratus
1405 523 1543 558 autem

284 586 421 635 tetigit
445 599 581 635 regem
611 586 814 624 iacentem
844 586 968 635 uirga,
995 599 1119 635 quam
1148 585 1313 623 tenebat
1342 598 1478 633 manu,
1503 587 1543 623 et

284 651 509 701 pontificali
538 652 777 690 auctoritate
806 654 1083 700 protestatus:
1120 651 1242 688 ‘Dico
1271 650 1538 700 tibi‚'inquit,

289 717 409 766 ‘quia
433 717 605 755 noluisti
631 719 672 755 te
698 717 909 755 continere
930 731 952 755 a
976 718 1100 754 domu
1124 716 1273 765 perditi
1298 718 1338 754 et
1358 716 1543 754 damnati

282 782 405 829 illius,
431 785 477 820 tu
507 782 551 819 in
581 782 668 831 ipsa
697 782 822 820 domu
851 782 957 820 mori
987 782 1135 820 habes.’
1194 782 1272 820 Sed
1293 782 1543 820 credendum

283 848 355 893 est,
396 846 490 894 quia
529 845 624 883 talis
657 858 768 883 mors
802 845 881 882 uiri
915 845 1095 894 religiosi
1134 858 1217 882 non
1249 844 1383 882 solum
1415 845 1542 882 talem

284 911 447 960 culpam
467 910 644 958 diluerit,
670 911 739 948 sed
762 911 886 948 etiam
907 911 1105 948 meritum
1126 910 1212 948 eius
1233 910 1393 947 auxerit
1410 924 1418 957 ;
1449 910 1543 959 quia

284 976 483 1014 nimirum
503 976 553 1013 ob
574 989 737 1014 causam
756 976 931 1026 pietatis,
950 976 1045 1025 quia
1057 977 1224 1025 propter
1239 975 1542 1013 obseruantiam

282 1042 571 1080 mandatorum
592 1041 745 1079 Christi
764 1042 944 1090 contigit.

338 1107 539 1145 Successit
573 1109 711 1144 autem
747 1106 982 1156 Sigbercto3
1016 1109 1060 1145 in
1098 1120 1272 1156 regnum
1311 1106 1537 1153 Suidhelm,

283 1172 395 1210 filius
429 1172 631 1220 Sexbaldi,
669 1172 740 1221 qui
774 1172 1001 1221 baptizatus
1032 1174 1092 1210 est
1123 1172 1173 1210 ab
1207 1173 1294 1221 ipso
1326 1172 1460 1210 Cedde
1497 1172 1541 1210 in

282 1238 497 1286 prouincia
531 1237 808 1275 Orientalium
837 1238 1081 1287 Anglorum,
1116 1237 1161 1275 in
1191 1237 1282 1275 uico
1315 1238 1438 1287 regio,
1470 1237 1541 1286 qui

284 1303 434 1341 dicitur
463 1303 790 1350 Rendlaesham⁴,
815 1303 857 1341 id
888 1305 949 1341 est
976 1302 1136 1340 mansio
1164 1303 1382 1351 Rendili53
1413 1316 1540 1341 susce-

282 1368 426 1418 pitque
445 1382 540 1406 eum
557 1369 845 1406 ascendentem
866 1369 915 1406 de
930 1368 1044 1406 fonte
1060 1369 1197 1405 sancto
1213 1368 1452 1406 Aediluald⁶
1471 1382 1540 1406 rex

283 1434 414 1482 ipsius
460 1434 596 1483 gentis
636 1434 912 1472 Orientalium
960 1434 1204 1483 Anglorum,
1246 1434 1371 1471 frater
1417 1435 1541 1472 Anna

281 1499 389 1549 regis
417 1500 652 1538 eorundem.

749 1656 869 1695 CAP.
904 1656 1070 1695 XXIII.

283 1758 319 1786 Ut
342 1758 422 1786 idem
446 1758 601 1792 episcopus
626 1753 722 1786 Cedd⁷
746 1757 842 1785 locum
867 1759 1046 1786 monasterii
1069 1759 1262 1786 construendi
1285 1759 1324 1786 ab
1349 1756 1541 1787 ΟἰίίἱῖῑιαῖζᾶἩ11

330 1818 395 1845 reye
420 1810 573 1845 accipiens
592 1811 782 1838 orationibus
801 1811 827 1838 et
847 1810 977 1838 ieiuniis
998 1810 1127 1838 Domino
1151 1812 1390 1846 consecrazoerc't;
1414 1813 1439 1839 et
1461 1812 1495 1840 de

800 1862 882 1890 obitu
895 1862 1005 1897 ipsius.

335 1939 521 1977 SOLEBAT
548 1941 687 1977 autem
716 1938 826 1976 idem
856 1938 922 1977 uir
949 1939 1131 1987 Domini,
1156 1952 1250 1977 cum
1270 1941 1378 1989 apud
1399 1940 1537 1979 Orien-

278 2004 381 2042 tales
416 2004 595 2042 Saxones
633 2004 887 2053 episcopatus
920 2003 1048 2042 officio
1086 2004 1337 2053 fungeretur,
1378 2006 1537 2054 saepius

278 2070 403 2107 etiam
441 2084 569 2118 suam,
612 2070 654 2108 id
693 2072 754 2107 est
793 2069 1242 2119 Nordanhymbrorum,
1280 2071 1535 2119 prouinciam

279 2135 524 2173 exhortandi
540 2136 669 2185 gratia
688 2135 864 2172 reuisere
880 2150 888 2174 :
910 2148 1032 2184 quem
1052 2148 1146 2172 cum
1163 2135 1371 2173 Oidiluald
1385 2136 1407 2183 ⁹,
1425 2136 1535 2174 filius

280 2201 449 2239 Osualdi
468 2201 585 2250 regis,
607 2201 678 2250 qui
697 2201 741 2238 in
762 2201 963 2238 Derorum
980 2199 1006 2219 ¹⁰
1025 2200 1209 2249 partibus
1229 2214 1403 2250 regnum
1419 2202 1535 2240 habe-

278 2265 358 2311 bat,
383 2266 521 2303 uirum
542 2268 732 2304 sanctum
754 2268 793 2303 et
814 2266 1053 2315 sapientem,
1073 2265 1331 2315 probumque
1350 2267 1534 2305 moribus

278 2331 445 2378 uideret,
470 2331 695 2380 postulauit
713 2332 734 2351 ¹¹
758 2345 853 2369 eum
872 2331 1173 2380 possessionem
1200 2333 1330 2369 terrae
1355 2332 1533 2381 aliquam

322 2423 331 2440 ¹
357 2423 449 2454 -liuit
467 2424 503 2455 C.
522 2424 563 2456 N.
661 2423 673 2441 ²
696 2427 815 2455 reatus
831 2425 885 2454 sui
902 2424 942 2455 B.
1041 2423 1052 2440 ³
1075 2424 1234 2454 -berchto
1251 2424 1287 2455 C.
1376 2424 1387 2441 ⁴
1410 2425 1533 2456 raend-

277 2475 413 2506 les-ham
431 2476 467 2507 C.
557 2476 568 2493 ⁵
590 2477 742 2507 raendili
760 2477 797 2507 C.
885 2475 897 2492 ⁶
919 2476 1023 2506 aeoil-
1041 2476 1066 2506 C
1083 2486 1090 2513 3
1114 2476 1199 2506 edil·
1216 2477 1259 2508 N.
1336 2475 1347 2491 ⁷
1371 2477 1479 2508 cedda
1496 2477 1533 2508 C.

277 2528 287 2545 ς
311 2528 417 2558 oedil-
435 2529 465 2558 N
481 2539 488 2565 3
513 2529 734 2560 oidiluualdo
751 2529 788 2560 C.
933 2527 945 2545 ⁹
968 2528 1075 2559 oedil—
1093 2527 1129 2560 C.
1249 2528 1275 2547 ¹⁰
1295 2528 1475 2560 deirorum
1493 2529 1532 2560 B.

276 2580 296 2596 ¹¹
324 2581 459 2619 -uitque
477 2580 523 2611 M.
