1803 2887
630 160 806 202 Baedcce
836 160 1148 202 Confirmatio.
1436 160 1520 201 363

305 273 413 309 Anno
432 273 658 315 DCCLVHI,
679 272 910 308 Eadberctus
936 285 1001 308 rex
1027 272 1425 317 Nordanhymbrorum
1451 273 1520 308 Dei

257 333 392 366 amoris
419 343 538 373 causa,
568 333 605 367 et
629 331 802 366 caelestis
827 331 973 375 patriae
999 331 1196 372 uiolentia,
1219 333 1376 375 accepta
1401 331 1521 366 sancti

256 389 358 425 Petri
375 392 538 430 tonsura,
558 389 636 424 filio
656 401 720 424 suo
739 389 894 424 osuulfo
912 401 1070 434 regnum
1088 389 1254 433 reliquit.

302 448 410 482 Anno
423 447 648 489 DCCLVIII,
663 447 840 482 Osuulfus
851 459 873 482 a
887 447 961 482 suis
975 447 1160 482 ministris
1177 447 1343 482 facinore
1355 446 1365 466 ¹
1381 447 1521 483 occisus

257 508 314 541 est
331 519 339 546 ;
365 507 404 541 et
422 505 643 540 Edilualdus
661 517 760 541 anno
779 505 912 541 eodem
935 517 958 540 a
983 517 1049 540 sua
1072 505 1181 550 plebe
1200 505 1341 540 electus
1359 505 1520 540 intrauit

255 565 296 597 in
314 575 472 609 regnum
493 577 500 605 ;
526 563 631 598 cuius
654 564 815 599 secundo
839 575 938 598 anno
964 575 1104 609 magna
1126 563 1324 598 tribulatio
1351 564 1520 598 mortali-

255 621 348 656 tatis
373 622 479 657 uenit
505 624 542 657 et
562 623 705 657 duobus
730 623 848 657 ferme
874 621 983 657 annis
1008 621 1227 666 permansit,
1252 622 1521 667 populantibus

256 679 357 714 duris
375 691 417 715 ac
437 680 596 716 diuersis
610 680 622 699 '2
641 680 928 726 egritudinibus,
948 679 1110 715 maxime
1128 682 1258 715 tamen
1284 680 1519 725 dysenteriae

256 739 449 785 languore.

301 798 408 832 Anno
429 797 615 838 DCCLXI,
637 797 789 842 Oengus
815 797 1007 832 Pictorum
1034 809 1098 832 rex
1125 797 1230 839 obiit,
1251 797 1315 842 qui
1338 798 1444 843 regni
1463 798 1520 834 sui

255 855 487 900 principium
509 867 624 899 usque
651 856 698 890 ad
721 856 834 890 finem
861 855 1026 890 facinore
1052 858 1206 891 cruento
1230 858 1412 901 tyrannus
1438 868 1520 901 per-

254 913 362 948 duxit
380 913 547 948 carnifex
563 926 570 951 2
599 916 637 948 et
656 913 786 948 Osuini
805 913 946 948 occisus
964 916 1031 949 est.

300 972 408 1006 Anno
428 971 629 1013 DCCLXV,
646 971 879 1006 Aluchredus
898 983 961 1006 rex
981 974 1175 1016 susceptus
1194 974 1249 1008 est
1268 973 1307 1007 in
1326 985 1493 1018 regnum.

305 1030 416 1064 Anno
423 1029 644 1071 DCCLXVI,
656 1029 885 1075 Ecgberctus
899 1030 1200 1075 archiepiscopus
1212 1031 1388 1076 prosapia
1400 1032 1519 1077 regali

253 1087 409 1131 ditatus,
437 1099 480 1123 ac
508 1087 638 1122 diuina
665 1088 825 1123 scientia
853 1088 1030 1130 imbutus,
1061 1092 1100 1124 et
1128 1089 1401 1134 Frithubertus,
1430 1102 1516 1125 uere

254 1146 380 1182 fideles
399 1146 578 1191 episcopi,
597 1147 644 1181 ad
663 1146 865 1182 Dominum
884 1147 1170 1193 migrauerunt.]

526 1249 535 1266 ¹
558 1249 754 1281 facinorose
771 1249 849 1280 edd.
998 1250 1010 1267 ²
1032 1251 1192 1282 aduersis
1211 1253 1243 1282 b.
