1803 2887
291 148 372 187 190
643 145 693 186 H
695 144 851 187 istoria
881 142 1186 186 Ecclesiastica
1379 147 1465 189 [Lm.
1484 150 1542 180 ΠΙ.

287 275 442 311 regens.
523 261 706 299 Uenerat
742 262 881 298 autem
916 260 966 298 de
1003 259 1167 307 Scottia,
1209 260 1377 297 tenente
1413 257 1545 296 adhuc

288 327 576 377 pontificatum
603 326 812 374 Colmano,
837 328 876 364 et
907 325 1122 374 diligenter
1149 338 1203 373 ea,
1229 338 1330 373 quae
1350 325 1399 362 ad
1420 324 1546 362 fidem

289 407 333 432 ac
365 394 579 431 ueritatem
612 392 829 442 pertinent,
861 393 901 429 et
934 391 1058 429 uerbo
1092 392 1259 428 cunctos
1293 389 1471 436 docebat,
1507 390 1546 426 et

62 465 264 511 Eat-(3.a13b0t
289 472 418 508 opere.
480 459 609 496 Porro
629 458 834 505 fratribus,
860 457 930 506 qui
950 457 992 494 in
1013 455 1340 494 Lindisfarnensi
1368 454 1546 496 ecclesia,

60 505 232 571 {mifirichs-
289 525 437 562 Scottis
466 523 720 571 abeuntibus,
750 536 963 561 remanere
996 522 1242 569 maluerunt,
1270 519 1547 570 praepositus¹

289 592 350 628 est
371 589 530 627 abbatis
550 589 635 626 iure
661 589 724 626 uir
742 588 1098 626 reuerentissimus
1127 600 1171 624 ac
1192 586 1548 624 mansuetissimus

289 655 401 702 Eata,
445 655 515 704 qui
561 656 647 692 erat
685 654 807 692 abbas
846 654 889 691 in
926 653 1185 699 monasterio,
1229 652 1337 701 quod
1376 651 1549 689 dicitur‘2

291 720 485 768 Massros3
515 720 622 769 quod
658 720 774 757 aiunt
807 719 1054 757 Colmanum
1088 719 1294 756 abiturum
1327 718 1477 767 petisse
1509 719 1549 755 et

288 787 513 835 inpetrasse
533 799 555 823 a
575 799 668 835 rege
687 785 814 823 Osuiu
829 785 851 832 3,
871 798 917 822 eo
939 784 1046 833 quod
1067 785 1173 822 esset
1192 784 1301 821 idem
1321 783 1423 821 Eata
1441 796 1549 821 unus

290 852 340 889 de
379 852 467 889 XII
514 851 651 900 pueris
689 851 850 898 Aidani,
894 863 995 899 quos
1026 850 1158 898 primo
1197 849 1449 898 episcopatus
1487 849 1551 886 sui

288 919 471 966 tempore
500 917 550 954 de
580 917 746 954 natione
776 916 1009 965 Anglorum
1039 915 1282 953 erudiendos
1312 915 1357 952 in
1388 914 1550 953 Christo

291 983 454 1032 accepit.
516 983 698 1021 Multum
732 995 913 1030 namque
956 981 1134 1019 eundem
1182 981 1419 1030 episcopum
1465 980 1551 1018 Col-

290 1061 463 1086 manum
497 1062 569 1086 rex
600 1061 672 1097 pro
703 1048 829 1085 insita
849 1047 913 1084 illi
940 1046 1157 1096 prudentia
1189 1046 1394 1095 diligebat.
1456 1045 1550 1094 Ipse

292 1116 353 1152 est
383 1114 494 1162 Eata,
520 1114 590 1163 qui
620 1127 704 1151 non
731 1113 865 1151 multo
894 1114 986 1162 post
1017 1112 1151 1150 eidem
1180 1111 1370 1149 ecclesiae
1394 1111 1552 1149 Lindis-

290 1180 471 1217 sarnensi
485 1177 499 1198 4
519 1181 731 1228 episcopus
754 1179 884 1216 factus
910 1180 982 1216 est.
1045 1178 1203 1216 Abiens
1223 1179 1360 1215 autem
1381 1178 1551 1215 domum

292 1246 463 1284 Colman
484 1245 686 1283 adsumsit
701 1258 841 1282 secum
861 1246 1020 1293 partem
1043 1256 1211 1281 ossuum
1231 1243 1553 1281 reuerentissimi

292 1312 421 1360 patris
448 1311 631 1358 Aidani3
660 1312 820 1360 partem
852 1323 950 1348 uero
979 1309 1024 1347 in
1055 1309 1231 1357 ecclesia,
1257 1309 1322 1346 cui
1352 1311 1546 1358 praeerat,

292 1377 467 1426 reliquit,
493 1378 532 1414 et
552 1377 596 1414 in
618 1376 830 1414 secretario
851 1376 938 1414 eius
958 1375 1078 1413 condi
1098 1375 1314 1424 praecepit.

64 1452 242 1497 Gnaraeter
347 1443 532 1490 Quantae
547 1445 686 1480 autem
706 1441 989 1491 parsimoniae,
1007 1441 1122 1478 cuius
1137 1441 1414 1479 continentiae
1428 1441 1552 1479 fuerit

63 1491 268 1565 {3⁴1³}ssssss
292 1508 378 1558 ipse
405 1522 499 1546 cum
529 1508 886 1557 prodecessoribus
915 1507 1009 1555 suis,
1036 1506 1259 1544 testabatur
1287 1507 1412 1545 etiam
1441 1508 1553 1545 locus

64 1571 233 1598 decessura.
292 1575 371 1623 ille,
393 1588 515 1624 quem
532 1574 737 1623 regebant,
754 1573 823 1611 ubi
839 1573 1089 1611 abeuntihus
1104 1573 1171 1621 eis,
1193 1575 1359 1622 excepta
1373 1573 1549 1620 ecclesia,

292 1640 560 1689 paucissimae
586 1640 733 1677 domus
758 1641 940 1688 repertae
964 1640 1072 1686 sunt,
1096 1639 1173 1676 hoc
1199 1641 1259 1676 est
1286 1639 1379 1677 illae
1407 1639 1555 1677 solum-

293 1707 425 1753 modo,
461 1705 549 1743 sine
580 1705 729 1754 quibus
755 1705 1009 1743 conuersatio
1039 1705 1170 1742 ciuilis
1200 1718 1287 1742 esse
1316 1705 1555 1742 nullatenus

293 1773 463 1821 poterat.
524 1771 595 1809 Nil
617 1771 885 1820 pecuniarum
912 1770 1063 1819 absque
1092 1770 1304 1819 pecoribus
1332 1770 1552 1808 habebant.

296 1838 441 1887 Siquid
481 1838 592 1875 enim
628 1837 825 1886 pecuniae
864 1849 886 1873 a
924 1836 1125 1874 diuitibus
1162 1836 1422 1886 accipiebant,
1458 1850 1554 1874 mox

293 1903 541 1954 pauperibus
580 1903 741 1941 dabant.
821 1902 928 1940 Nam
975 1915 1108 1950 neque
1156 1902 1205 1939 ad
1254 1902 1555 1951 susceptionem

294 1969 532 2018 potentium
573 1968 734 2014 saeculi,
771 1967 838 2005 uel
875 1967 1070 2017 pecunias
1107 1967 1256 2016 colligi,
1299 1967 1368 2005 uel
1408 1968 1556 2005 domus

294 2034 523 2083 praeuideri
552 2047 716 2072 necesse
744 2033 833 2081 fuit,
870 2033 970 2082 qui⁵
1003 2046 1230 2081 numquam
1261 2033 1310 2071 ad
1344 2034 1555 2072 ecclesiam

295 2100 377 2138 nisi
416 2100 609 2138 orationis
647 2101 812 2137 tantum
860 2101 899 2137 et
941 2099 1134 2137 audiendi
1170 2099 1285 2137 uerbi
1324 2099 1399 2137 Dei
1438 2112 1557 2138 causa

298 2166 529 2204 ueniebant.
591 2166 678 2203 Rex
698 2166 795 2214 ipse,
817 2178 911 2202 cum
931 2164 1186 2214 oportunitas
1206 2165 1404 2213 exegisset
1417 2166 1439 2213 ὃ,
1461 2178 1555 2203 cum

296 2231 335 2268 V
360 2234 524 2269 tantum
555 2233 625 2269 aut
658 2231 721 2269 VI
752 2230 955 2269 ministris
988 2229 1179 2268 ueniebat
1192 2230 1216 2277 ⁷,
1245 2232 1286 2268 et
1319 2231 1482 2280 expleta
1511 2231 1555 2269 in

298 2297 463 2335 ecclesia
501 2297 684 2335 oratione
722 2296 962 2335 discedebat.
994 2293 997 2339 Ι
1024 2296 1139 2344 Quod
1180 2296 1214 2333 si
1250 2296 1354 2333 forte
1393 2309 1462 2335 eos
1499 2297 1557 2335 ibi
1579 2306 1599 2333 f.
1618 2306 1652 2340 67
1665 2314 1694 2334 a.

340 2418 349 2434 ¹
375 2421 573 2459 propositus
590 2420 633 2450 N.
722 2419 734 2437 2
757 2420 904 2449 uocatur
921 2419 958 2450 O.
972 2418 1079 2457 N.W,
1098 2420 1217 2455 illegible
1235 2421 1267 2448 in
1284 2418 1325 2449 B.
1427 2418 1438 2434 ³
1461 2419 1555 2450 osuio

299 2471 335 2501 C.
353 2471 396 2500 N.
414 2470 467 2500 B2.
623 2468 633 2485 4
659 2469 829 2499 -fernensi
847 2469 890 2499 N.
1043 2469 1054 2486 ⁵
1079 2469 1162 2507 quia
1179 2469 1225 2499 M.
1243 2469 1292 2499 0³.
1450 2470 1462 2487 ⁶
1484 2470 1553 2499 exi-

298 2523 403 2562 gisset
422 2522 467 2553 M.
653 2519 664 2537 ⁷
687 2531 748 2551 rex
767 2545 774 2552 .
793 2545 800 2551 .
819 2545 826 2551 .
842 2521 1010 2551 ueniebat
1025 2531 1082 2551 om.
1101 2521 1140 2559 B,
1153 2524 1288 2558 perhaps
1303 2524 1400 2551 added
1416 2532 1455 2550 οη
1471 2523 1555 2551 lower

300 2577 433 2614 marffl'n,
454 2577 550 2605 which
568 2577 594 2604 is
609 2584 674 2604 now
690 2576 753 2604 lost.
800 2575 823 2603 T
822 2576 888 2603 here
905 2575 931 2603 e's
946 2584 965 2603 α
982 2576 1071 2603 mark
1087 2575 1122 2610 of
1131 2575 1272 2611 rfferfflce
1288 2576 1323 2603 in
1340 2576 1385 2603 the
1401 2577 1468 2604 text.
