1803 2887
81 264 100 293 i.
114 275 246 301 203—214.

81 315 120 333 νι.
142 315 230 340 222—4
243 316 248 322 ·

83 345 99 371 i.
118 328 248 379 155464:

78 537 118 564 iv.
137 548 203 574 173-

78 587 136 605 201.

75 1316 113 1343 iv.
131 1318 239 1352 16-172.

75 1638 93 1665 i.
109 1646 226 1672 54-104·

74 1843 113 1871 vi.
122 1852 238 1879 99-342.

72 1965 111 1993 vi.
131 1975 206 2002 1-39.

73 2097 111 2124 vi.
128 2099 229 2134 ,ιο-98.

275 159 350 190 Cn.
368 156 506 197 xxm]
671 149 822 191 Gentis
853 149 1121 203 Anylorum.
1441 152 1526 191 359

272 263 327 301 ibi
354 263 397 301 111
419 276 630 312 carcerem,
656 265 696 301 et
714 265 805 312 post
834 263 920 302 dies
946 264 1102 301 multos
1125 264 1398 301 uisitabantur
1415 278 1423 311 ;
1439 265 1447 279 ’
1477 265 1526 302 de

272 329 429 367 ratione
454 329 623 366 bissexti
650 342 758 376 una3
788 329 837 366 de
864 329 1122 378 aequinoctio
1148 330 1261 366 iuxta
1284 329 1525 367 Anatolium

271 407 364 432 una.

326 460 434 497 Item
464 460 514 497 de
542 459 725 497 historiis
754 462 1010 497 sanctorum:
1048 459 1201 497 librum
1230 460 1340 497 uitae
1369 462 1410 497 et
1442 473 1525 508 pas-

271 523 422 562 sionisl
453 525 583 562 sancti
614 525 760 562 Felicis
791 525 1032 562 confessoris
1064 525 1114 562 de
1152 525 1322 563 metrico
1357 525 1523 570 Paulini

270 603 389 638 opere
409 590 453 628 in
479 603 641 639 prosam
666 590 859 628 transtuli
879 604 886 637 ;
917 590 1069 627 librum
1094 591 1203 627 uitae
1233 593 1273 628 et
1302 591 1523 640 passionis1

269 656 399 693 sancti
417 656 638 703 Anastasii,
663 656 771 694 male
796 656 845 693 de
870 656 1025 693 Gre002
1046 656 1306 703 translatum,
1340 658 1380 693 et
1409 657 1525 705 peius

268 734 291 757 a
311 721 488 769 quodam
508 721 684 770 inperito
705 721 978 768 emendatum,
998 723 1119 769 prout
1139 721 1265 769 potui,
1290 722 1339 759 ad
1357 735 1524 759 sensum

270 786 422 823 correxi
441 800 449 833 3
479 787 609 824 uitam
630 786 759 824 sancti
779 786 905 835 patris
920 786 1111 824 monachi
1127 786 1252 824 simul
1267 788 1307 824 et
1328 787 1525 824 antistitis

270 852 488 889 Cudbercti
500 853 523 899 ³,
544 854 584 889 et
599 852 714 901 prius
730 852 891 890 heroico
908 854 1040 889 metro
1058 853 1098 889 et
1114 852 1379 900 postmodum
1399 852 1522 901 plano

269 929 468 964 sermone,
494 916 687 965 descripsi
703 918 726 955 ⁴.

323 982 552 1019 Historiam
566 982 761 1020 abbatum
774 983 1011 1020 monasterii
1023 982 1156 1029 huius,
1171 981 1214 1019 in
1231 996 1310 1031 quo
1324 996 1524 1032 supernae

267 1047 408 1095 pietati
428 1048 632 1085 deseruit-e
651 1048 816 1097 gaudeo,
842 1047 1071 1093 Benedicti,
1089 1048 1292 1095 Ceolfridi,
1314 1051 1354 1086 et
1374 1048 1524 1086 Huaet-

268 1112 397 1150 bercti
411 1113 424 1131 5
444 1113 487 1150 in
509 1113 662 1150 libellis
682 1113 852 1151 duobus.

321 1178 549 1216 Historiam
571 1178 879 1216 ecclesiasticam
900 1181 1062 1216 nostrae
1081 1178 1240 1216 insulae
1260 1192 1303 1216 ac
1323 1179 1458 1227 gentis
1479 1179 1523 1216 in

268 1243 384 1280 libris
403 1243 450 1282 V.

320 1309 661 1359 Mai-tyrologium
691 1310 741 1348 de
772 1310 998 1347 nataliciisfl
1028 1312 1263 1347 sanctorum
1292 1312 1523 1359 martyrum

266 1374 409 1412 diebus
426 1389 434 1422 ;
464 1375 506 1411 in
528 1388 607 1424 quo
629 1388 782 1423 omnes,
800 1389 902 1424 quos
921 1375 1109 1412 inuenire
1128 1375 1255 1423 potui,
1281 1389 1365 1412 11011
1386 1375 1522 1412 solum

266 1453 345 1488 qua
373 1440 448 1487 die,
480 1454 625 1478 uerum
652 1441 775 1478 etiam
803 1454 882 1489 quo
912 1453 1060 1489 genere
1086 1440 1333 1487 certaminis,
1359 1441 1425 1477 uel
1447 1441 1522 1478 sub

266 1519 347 1554 quo
363 1506 375 1525 ⁷
415 1505 547 1543 iudice
589 1506 794 1543 mundum
840 1506 1025 1554 uicerint,
1068 1506 1287 1555 diligenter
1325 1506 1520 1544 adnotare

265 1571 412 1609 studui.

321 1636 491 1674 Librum
512 1637 766 1686 hymnorum
787 1636 948 1675 diuerso
969 1640 1099 1675 metro
1120 1638 1207 1675 siue
1228 1637 1436 1686 rhythmo.

324 1702 495 1740 Librum
539 1702 883 1751 epigrammatum
928 1703 1091 1740 heroico
1129 1705 1270 1749 metro,
1314 1704 1400 1740 siue
1444 1703 1521 1740 ele-

265 1769 377 1820 giaco
391 1768 413 1807 ⁸.

320 1835 381 1872 De
400 1836 544 1872 natura
564 1847 713 1881 rerum,
740 1835 780 1871 et
810 1834 859 1871 de
887 1834 1142 1882 temporibus
1163 1834 1288 1871 libros
1312 1832 1495 1882 singulos
1514 1848 1521 1880 ;

264 1901 365 1938 item
386 1901 435 1938 de
454 1899 709 1948 temporibus
728 1899 881 1936 librum
904 1900 925 1937 Ι
946 1900 1158 1937 maiorem.

319 1966 491 2004 Librum
538 1966 587 2003 de
641 1965 940 2014 orthographia,
996 1965 1161 2003 alfabeti
1174 1966 1186 1986 ⁹
1243 1967 1385 2005 ordine
1443 1968 1522 2005 dis-

263 2032 453 2069 tinctum.

318 2095 427 2132 Item
448 2093 600 2131 librum
621 2094 671 2131 de
690 2095 862 2132 metrica
880 2096 976 2141 arte,
994 2095 1033 2131 et
1054 2093 1147 2131 huic
1166 2095 1371 2132 adiectum
1391 2095 1520 2133 alium

265 2160 314 2197 de
334 2159 611 2197 schematibus
631 2159 719 2197 siue
739 2160 869 2209 tropis
889 2159 1088 2206 libellum,
1113 2160 1188 2197 hoc
1217 2163 1278 2198 est
1306 2161 1355 2199 de
1379 2161 1522 2210 figuris

309 2261 319 2278 ¹
343 2263 572 2293 confessionis
589 2263 638 2301 04.
706 2263 718 2280 ²
741 2264 828 2294 mali
845 2264 888 2294 de
905 2266 1016 2294 metro
1035 2264 1095 2304 HI.
1155 2263 1166 2279 ³
1191 2266 1323 2296 -berhti
1341 2266 1366 2296 C
1383 2277 1391 2305 ;
1415 2266 1520 2297 -berti

265 2316 306 2346 N.
354 2315 365 2332 4
382 2315 417 2346 C.
434 2318 541 2351 atfirst
551 2320 637 2346 wrote
650 2315 775 2346 decon-
786 2320 855 2346 then
866 2319 970 2347 erased
982 2316 1039 2346 de·
1057 2327 1064 2354 ;
1081 2318 1272 2356 conscripsi
1283 2317 1335 2356 04.
1394 2319 1405 2336 ⁵
1420 2319 1521 2361 huet·

266 2368 291 2398 C
309 2377 316 2405 3
340 2367 441 2397 huet·
459 2367 511 2402 N;
536 2367 619 2398 huc·
639 2368 691 2408 03.
710 2368 760 2405 04.
861 2367 872 2383 Β
894 2371 960 2398 here
976 2371 1035 2398 end
1051 2368 1102 2407 05.
1124 2367 1196 2407 0¹1⁴-
1213 2370 1279 2410 020.
1373 2369 1385 2386 ⁷
1408 2374 1438 2400 at
1462 2373 1522 2400 this

263 2422 349 2456 point
371 2422 445 2449 ends
461 2419 532 2450 MS.
550 2419 587 2449 O.
602 2422 790 2460 imperfectly,
809 2431 829 2450 α
836 2423 914 2458 folio
931 2423 1017 2458 beinq
1027 2423 1172 2457 probably
1190 2424 1254 2453 lost.
1300 2424 1329 2451 A
1347 2424 1422 2452 later
1436 2425 1522 2452 hand

265 2474 323 2501 has
346 2474 444 2501 added
468 2474 514 2502 the
537 2475 619 2501 word
634 2472 796 2511 principe
819 2475 885 2502 and
913 2475 982 2502 then
1006 2475 1182 2502 continues:
1217 2473 1255 2503 in
1287 2474 1359 2503 suis
1390 2474 1521 2512 quique

264 2522 458 2561 prouinciis
483 2545 491 2552 .
516 2545 523 2552 .
550 2546 557 2553 .
582 2523 777 2554 inueniam.
823 2523 951 2555 Amen.
968 2534 995 2554 υ.
1014 2534 1046 2563 p.
1063 2524 1093 2554 8.
1285 2526 1296 2541 ⁸
1320 2525 1425 2555 ilaico
1443 2524 1522 2558 W¹:

263 2574 373 2604 eliaco
388 2573 455 2604 WV2.
473 2573 525 2612 O2.
658 2575 670 2592 ⁹
692 2575 847 2606 albabeti
864 2575 909 2606 M.

317 2640 340 2678 ,Γ
