1803 2887
310 173 395 213 238
684 174 888 216 Historia
918 175 1226 218 Ecclesiastica
1414 182 1497 224 [Lm.
1511 186 1567 219 IV.

311 287 440 326 Uecta
457 303 465 336 3
495 288 802 338 postulauitque
822 289 872 328 ab
893 303 951 338 eo,
975 291 1032 338 ut,
1057 289 1092 328 si
1112 303 1276 328 neeesse
1296 292 1401 328 esset
1421 304 1570 339 pueros

310 353 485 392 interfici
501 356 520 399 ¹,
540 354 654 403 prius
674 367 741 392 eos
756 355 895 393 liceret
915 355 1012 393 fidei
1028 355 1283 393 Christianae
1303 356 1570 394 sacramentis

311 418 439 457 inbui.
501 420 713 458 Concessit
747 434 827 468 rex,
861 422 902 458 et
939 420 1027 469 ipse
1064 421 1287 458 instructos
1317 420 1410 459 eos2
1443 421 1569 459 uerbo

311 484 506 527 ueritatis,
528 498 572 522 ac
591 485 705 523 fonte
721 485 946 524 Saluatoris
965 485 1157 533 ablut0s³,
1175 486 1225 523 de
1245 486 1432 535 ingressu
1452 486 1569 535 regni

310 550 466 587 aeterni
486 553 617 588 certos
635 550 823 589 reddidit.
884 551 1061 600 Moxque
1083 551 1145 588 illi
1172 551 1353 589 instante
1381 551 1570 589 carnifice

311 617 489 653 mortem
522 615 622 653 laeti
654 616 816 654 subiere
853 616 1136 665 temporalem,
1171 630 1244 665 per
1284 630 1407 665 quam
1445 630 1487 654 se
1519 617 1569 654 ad

310 680 440 718 uitam
469 681 632 719 animae
660 683 899 730 perpetuam
929 695 1014 719 non
1043 682 1284 720 dubitabant
1312 695 1399 719 esse
1426 682 1570 721 transi·

311 748 436 785 turos.
499 747 590 785 Hoc
624 761 719 797 ergo
753 748 906 794 ordine,
942 749 1161 797 postquam
1199 760 1342 785 omnes
1375 748 1570 786 Brittani-

310 824 429 850 arum
461 813 694 862 prouinciae
723 813 849 852 fidem
880 812 1035 851 Christi
1062 815 1324 862 susceperant
1337 813 1361 861 ⁴,
1392 813 1570 862 suscepit

311 880 351 915 et
371 878 506 917 insula
526 878 664 927 Uecta,
684 879 729 916 in
750 893 874 928 quam
894 881 1034 917 tamen
1050 879 1101 917 ob
1114 879 1127 898 ⁵
1143 892 1359 916 erumnam
1379 880 1570 917 externae

311 944 576 982 subiectionis
613 958 736 982 nemo
775 945 948 994 gradum
987 945 1209 982 ministerii
1256 958 1302 982 ae
1340 944 1447 982 sedis
1485 944 1568 993 epi-

310 1009 483 1058 scopalis
529 1012 626 1048 ante
673 1010 929 1055 Danihelem,
971 1010 1041 1059 qui
1088 1023 1199 1048 nunc
1242 1009 1571 1048 Occidentalium

311 1075 521 1113 Saxonum
541 1077 603 1113 est
625 1075 848 1124 episcopus,
874 1075 1039 1124 accepit.

364 1140 451 1178 Sita
480 1142 540 1178 est
569 1143 707 1178 autem
735 1141 833 1178 haec
862 1140 997 1178 insula
1027 1142 1169 1178 contra
1193 1140 1378 1179 medium
1403 1141 1570 1178 Austraae

310 1205 414 1244 lium
441 1207 650 1244 Saxonum
680 1207 721 1244 et
749 1205 1028 1254 Geuissorum,
1053 1206 1294 1255 interposito
1317 1206 1460 1255 pelago
1484 1205 1570 1243 lati-

309 1271 467 1309 tudinis
486 1271 615 1309 trium
638 1271 814 1319 milium,
844 1271 952 1320 quod
977 1274 1146 1309 uocatur
1170 1272 1364 1310 Soluente
1384 1285 1392 1319 ;
1424 1271 1468 1308 in
1490 1284 1570 1320 quo

310 1336 501 1375 uidelicet
525 1337 667 1386 pelago
692 1336 780 1374 bini
805 1339 941 1375 aestus
964 1336 1111 1383 oceani,
1147 1337 1218 1386 qui
1244 1337 1397 1374 circum
1427 1337 1571 1374 Britta-

310 1402 423 1440 niam
443 1416 493 1440 ex
512 1402 678 1440 infinito
707 1415 854 1439 oceano
881 1402 1192 1451 septentrionali
1219 1404 1453 1451 erumpunt,
1478 1401 1570 1439 sibi·

310 1470 397 1506 met
439 1467 618 1505 inuicem
659 1467 806 1505 cotidie
846 1469 1154 1517 conpugnantes
1198 1470 1417 1505 occurrunt
1461 1467 1570 1505 ultra.

311 1533 463 1571 ostium
489 1532 676 1571 fluminis
703 1533 916 1581 Homelea,
946 1533 1055 1582 quod
1081 1546 1153 1582 per
1178 1534 1304 1571 terras
1332 1533 1524 1571 Iutorum
1540 1533 1563 1580 ⁶,

308 1612 411 1648 quae
449 1599 499 1637 ad
533 1598 743 1648 regionem
778 1599 1045 1636 Geuissorum
1079 1598 1298 1647 pertinent,
1337 1598 1567 1648 praefatum

306 1664 476 1714 pelagus
496 1664 649 1712 intrat3
679 1663 879 1712 finitoque
906 1663 1098 1701 conflictu
1127 1663 1172 1701 in
1199 1677 1397 1702 oceanum
1426 1663 1564 1712 refusi,

307 1730 418 1768 unde
437 1731 648 1778 uenerant,
672 1729 856 1768 redeunt.

716 1851 837 1890 CAP.
871 1850 952 1889 XV
981 1848 1155 1902 [XV11].

380 1941 423 1969 De
439 1942 551 1976 synodo
561 1937 573 1955 ⁷
580 1940 668 1976 fincta
684 1941 719 1968 in
734 1948 839 1975 campo
855 1939 1025 1975 Hseihselcla
1037 1937 1059 1974 Β,
1069 1941 1260 1976 praesidente
1275 1941 1492 1977 archiepiscopo

864 1993 1017 2021 Theodoro.

80 2077 215 2104 Council
229 2076 265 2104 of
362 2068 446 2107 H1s
474 2067 730 2118 temporibus
757 2067 928 2105 audiens
956 2067 1194 2106 Theodorus
1222 2068 1349 2106 fidem
1378 2069 1568 2107 ecelesiae

80 2116 233 2192 ξθᾞὲθὲᾖ
308 2134 669 2183 Constantinopoli
696 2147 770 2183 per
794 2133 972 2171 heresim
1002 2134 1246 2183 Eutychetis
1274 2135 1457 2173 multum
1481 2148 1568 2173 esse

79 2197 142 2222 ⁶⁸0·
307 2200 526 2247 turbatam,
561 2201 601 2237 et
631 2199 818 2237 eeclesias
845 2199 1095 2248 Anglorum,
1116 2200 1265 2248 quibus
1293 2202 1486 2249 praeerat,
1515 2200 1566 2239 ab

307 2264 546 2302 huiusmodi
565 2264 657 2302 labe
678 2264 870 2302 inmunes
890 2265 1108 2313 perdurare
1128 2265 1372 2314 desiderans,
1397 2266 1566 2304 collecto

307 2329 607 2367 uenerabilium
642 2330 897 2367 sacerdotum
936 2329 1228 2379 doctorumque
1241 2332 1252 2349 ‘³
1290 2330 1566 2379 plurimorum

307 2397 434 2442 coetu,
474 2394 590 2433 cuius
623 2396 761 2432 essent
794 2394 891 2432 fidei
923 2394 1086 2444 singuli,
1121 2395 1286 2433 sedulus
1317 2396 1560 2445 inquirebat,

352 2481 361 2498 ¹
384 2481 465 2511 -feci
482 2481 529 2512 M.
620 2479 631 2497 ²
653 2491 711 2511 eos
728 2491 787 2511 om.
804 2481 852 2512 M.
951 2482 963 2499 ³
986 2481 1162 2512 absolutos
1180 2482 1240 2513 M¹.
1353 2482 1364 2499 4
1386 2484 1487 2512 -runt
1503 2481 1564 2513 M1.

306 2535 317 2554 ⁵
341 2536 384 2566 ab
401 2535 446 2565 M.
559 2533 571 2551 ⁶
594 2536 752 2566 iutarum
769 2536 806 2567 C.
916 2534 929 2552 ⁷
951 2535 1011 2566 -da
1027 2536 1074 2567 Μ.
1091 2537 1129 2568 C.
1145 2537 1187 2568 N.
1298 2536 1310 2554 ⁸
1333 2537 1511 2568 haetfeldo
1527 2537 1564 2568 C.

305 2588 316 2606 ⁹
340 2597 407 2627 que
422 2597 481 2618 om.
499 2586 546 2618 M.
