1803 2887
35 912 101 939 The
113 913 239 940 Saxons

34 952 100 978 and
115 951 203 978 Picts

35 990 131 1017 make
146 999 214 1017 war

35 1038 76 1056 on
91 1030 148 1058 the

37 1069 174 1106 Britons.

39 2222 223 2249 Germanus

38 2261 128 2289 leads
142 2261 199 2288 the

42 2300 180 2328 Britons.

262 187 318 228 38
626 187 833 229 Historia
863 187 1168 230 Ecclesiastica
1381 194 1465 236 [Lm.
1486 198 1512 228 Ι.

260 304 436 341 uestibus
456 304 556 341 uidit
593 304 664 341 sibi
695 304 821 341 adesse
845 315 1057 351 personam,
1091 315 1185 351 quae
1217 315 1337 340 manu
1366 305 1516 340 extensa

264 369 441 406 iacentem
485 369 678 406 uideretur
722 369 904 416 adtollere,
955 381 1110 416 eumque
1156 369 1348 406 consistere
1387 368 1517 414 firmis

262 435 432 481 uestiyiis
454 434 672 481 imperabat.
732 434 824 471 Post
851 446 967 481 quam
995 435 1125 472 horam
1150 435 1215 481 ita,
1243 434 1397 481 fugyatis
1423 433 1516 471 dolo-

263 500 377 546 ribus,
401 501 532 546 recepit
553 500 762 546 pristinam
785 501 996 547 sanitatem,
1020 503 1074 547 ut,
1103 500 1162 537 die
1190 500 1343 546 reddito,
1371 499 1517 536 itineris

264 564 423 602 laborem
441 564 581 602 subiret
599 565 818 612 intrepidus.

765 674 884 712 CAP.
918 674 1010 713 XX.

268 774 305 802 Ut
325 774 405 803 ‘idem
425 775 553 810 episcopi
573 775 765 803 Brettonibus
783 776 817 803 'in
827 784 938 811 pugna
961 776 1117 804 auritium
1134 776 1249 803 caeleste
1268 775 1399 812 tulerint,
1418 775 1516 809 sicque

721 829 846 855 domum
862 828 974 856 reuersi
988 828 1059 856 sint.

317 904 516 941 INTEREA
543 904 714 943 Saxones
732 905 902 952 Pietique
934 906 1071 942 bellum
1097 905 1301 943 caluersum
1319 903 1518 942 Brettones

263 971 403 1008 *iunctis
421 970 570 1008 uiribus
587 973 840 1018 susceperunt,
861 982 952 1017 quos
971 971 1100 1007 eadem
1117 970 1315 1007 necessitas
1336 970 1376 1007 in
1395 971 1519 1007 castra

263 1038 527 1082 contrascerat;
558 1038 593 1073 et
616 1047 702 1073 eum
722 1036 855 1083 trepidi
873 1039 1005 1083 partes
1024 1047 1116 1073 suas
1133 1046 1232 1082 pene
1251 1035 1406 1082 inpares
1424 1035 1520 1072 «iucu-

262 1104 400 1147 carent,
442 1103 661 1139 sanctorum
697 1102 914 1139 antistitum
955 1101 1144 1138 auxilium
1182 1101 1405 1147 petierunt;
1449 1101 1520 1147 'qui

254 1167 490 1213 promissum
531 1169 773 1204 maturantes
814 1166 1034 1213 aduentum,
1077 1167 1228 1203 tantum
1273 1164 1520 1213 pauentibus

257 1231 424 1277 fiduciae
462 1231 709 1278 contulerunt,
751 1233 795 1268 ut
834 1228 1053 1269 accessisse¹
1088 1231 1279 1267 maximus
1312 1229 1521 1267 crederetur

263 1297 454 1334 exercitus.
510 1296 650 1343 Itaque
682 1297 893 1343 apostolicis
931 1296 1088 1333 ducibus
1123 1293 1295 1333 Christus
1332 1295 1521 1333 militabat

263 1363 306 1398 in
343 1362 490 1399 castris.
547 1359 725 1398 Aderant
761 1363 875 1399 etiam
917 1359 1253 1409 quadragyesimae2
1290 1361 1522 1398 uenerabiles

265 1427 352 1474 dies,
377 1438 469 1473 quos
497 1427 741 1473 reliyiosiores
766 1427 942 1464 reddebat
963 1427 1185 1474 praesentia
1209 1426 1453 1473 sacerdotum,
1476 1427 1521 1463 in

264 1495 424 1537 temtum,
457 1494 501 1529 ut
529 1492 731 1530 cotidianis
755 1493 1106 1540 praedicationibus
1140 1492 1316 1538 instituti,
1351 1492 1521 1529 certatim

256 1558 390 1605 populi
410 1558 460 1595 ad
476 1557 643 1605 qratiam
663 1558 901 1605 baptismatis
921 1558 1174 1596 conuolarent.
1224 1557 1331 1595 Nam
1349 1557 1521 1594 maxima

264 1624 442 1661 exercitus
475 1623 678 1660 multitudo
709 1623 857 1661 undam
891 1624 1039 1661 lauacri
1072 1624 1256 1661 salutaris
1292 1623 1452 1670 expetiit,
1487 1624 1522 1659 et

263 1689 416 1726 ecelesia
435 1688 486 1726 acl
501 1689 598 1726 diem
613 1689 891 1727 resurrectionis
906 1689 1114 1726 dominicae
1126 1689 1335 1735 frondibus
1350 1689 1522 1725 contexta

264 1754 499 1801 conponitur,
524 1755 646 1802 atque
665 1755 708 1791 in
730 1754 959 1802 expeditione
985 1755 1184 1801 campestri
1209 1755 1332 1792 instar
1353 1752 1522 1790 ciuitatis

265 1822 430 1867 aptatur.
487 1819 677 1857 Madidus
720 1820 944 1866 baptismate
974 1820 1145 1867 procedit
1192 1820 1383 1865 exercitus,
1420 1818 1521 1865 fides

257 1886 388 1932 feruet
414 1885 458 1922 in
478 1885 633 1932 populo,
665 1887 700 1922 et
729 1883 957 1922 conterrit0⁸
982 1896 1176 1922 armorum
1195 1884 1400 1932 pracsidio,
1425 1884 1521 1921 diui-

264 1951 401 1988 nitatis
431 1952 645 1997 expectentur
672 1950 873 1988 auoeilium.
930 1950 1132 1988 Institutio
1159 1950 1220 1987 uel
1243 1950 1378 1996 forma
1406 1948 1520 1986 casti-

265 2015 387 2053 tatis*
406 2016 573 2054 hostibus
601 2015 814 2063 nuntiatur,
846 2016 911 2063 qui
938 2016 1140 2052 uictoriam
1168 2016 1279 2061 quasi
1309 2014 1358 2051 de
1387 2015 1522 2052 inermi

265 2080 450 2119 exercitu5
482 2083 770 2128 praesumentes
783 2082 804 2128 ⁶²,
847 2081 1023 2118 adsumta
1066 2081 1260 2118 alacritate
1298 2080 1520 2129 festinant;

265 2159 426 2194 quorum
447 2149 573 2184 tamen
593 2146 784 2184 aduentus
803 2146 1052 2193 exploratione
1071 2146 1317 2193 coynoscitur.

321 2212 499 2259 Cumque,
523 2223 673 2249 emensa
692 2212 940 2250 sollemnitate
950 2211 1138 2258 paschali,
1155 2222 1280 2248 reeens
1299 2211 1342 2247 de
1368 2211 1522 2248 lauacro

259 2290 357 2326 pars
385 2277 508 2314 maior
537 2277 716 2315 exercitus
746 2288 857 2314 arma
885 2287 1012 2323 capere
1040 2278 1075 2313 et
1101 2276 1240 2313 bellum
1263 2287 1408 2322 parare
1437 2279 1522 2313 tem-

268 2345 372 2390 taret,
410 2342 626 2380 Germanus
655 2342 786 2379 ducem
813 2353 850 2380 se
872 2342 1011 2389 proelii
1034 2341 1248 2388 profitetur,
1287 2341 1389 2388 eliyit
1420 2353 1522 2389 expe-

270 2410 376 2455 ditos,
418 2409 654 2445 circumiecta
683 2408 886 2454 percurrit,
928 2409 962 2444 et
999 2417 1017 2444 e
1053 2407 1211 2454 reqione,
1245 2418 1320 2453 qua
1357 2406 1522 2444 hostium

313 2502 323 2520 ¹
346 2502 531 2533 accersisse
548 2501 586 2531 B.
698 2500 709 2517 ²
731 2511 775 2531 XL
791 2502 838 2532 M.
942 2501 954 2519 ³
975 2502 1033 2532 uel
1052 2503 1253 2541 contempto
1270 2501 1305 2540 C,
1325 2512 1363 2531 on
1378 2503 1521 2539 marytn3

270 2558 334 2585 and
351 2557 410 2584 tlzis
426 2556 453 2583 is
471 2556 516 2583 tlze
538 2556 664 2591 reading]
679 2555 714 2590 of
728 2556 823 2584 Const.
841 2564 848 2592 ;
873 2554 1063 2584 conterrito
1083 2556 1191 2584 altered
1211 2557 1238 2584 to
1260 2555 1460 2593 contempto
1477 2554 1520 2586 D.

270 2607 281 2624 ⁴
304 2609 498 2638 castrorum
515 2606 633 2637 Consta.
724 2606 735 2624 5
761 2606 829 2636 -tui
848 2606 894 2638 M.
982 2605 993 2623 ⁶
1017 2607 1214 2636 -rumentes
1230 2605 1288 2637 M'.

1542 912 1652 940 Const.

1542 951 1611 979 Vit.

1543 990 1653 1018 Germ.

1542 1029 1610 1058 Lib.
1630 1039 1651 1064 1,

1543 1078 1568 1097 c.
1586 1070 1626 1097 28.
