1803 2887
69 1264 88 1290 f.
110 1272 158 1291 110
173 1263 200 1292 b.

273 168 352 200 Cn.
371 163 478 206 ΧΙΙΙ.]
673 156 823 198 Gentis
854 155 1126 211 A'nylorum.
1447 155 1529 195 311

756 303 876 342 OAP.
912 301 1037 340 XIII.

273 405 309 433 Ut
323 406 440 433 econtra
460 405 535 434 alter
549 401 559 419 ¹
573 405 615 433 (αἱ
633 406 756 432 monem
772 404 899 432 ueniens
920 403 1053 430 oblatum
1069 402 1130 429 sibi
1144 410 1165 429 α
1183 402 1383 429 daemonibus
1402 401 1525 429 codicem

665 464 793 484 suorum
808 456 920 483 uiderit
930 455 1131 489 peccatorum.

321 543 386 579 AT
425 543 567 579 contra
604 540 683 578 fuit
723 540 890 589 quidam
928 539 973 576 in
1016 538 1228 587 prouincia
1266 537 1522 585 Mereiorum,

267 606 383 644 cuius
417 607 597 644 uisiones
629 619 674 643 ae
707 606 839 653 uerba,
875 617 960 642 non
999 606 1137 641 autem
1175 605 1215 641 et
1255 603 1522 651 conuersatio,

266 672 470 720 plurimis,
505 672 575 709 sed
604 685 689 709 non
718 671 883 708 sibimet
914 669 1003 718 ipsi,
1037 669 1201 718 profuit.
1263 669 1359 707 Fuit
1387 671 1525 706 autem

266 736 521 786 temporibus
550 736 759 783 Coenredi,
785 736 855 785 qui
878 737 968 784 post
993 735 1266 772 Aedilredum
1282 734 1294 753 ²
1323 734 1520 784 regnauit.

267 802 332 840 uir
359 802 403 840 in
434 803 535 840 laico
562 803 703 840 habitu
735 804 858 851 atque
882 800 1009 838 officio
1039 800 1212 838 militari
1240 799 1424 849 positus;
1454 801 1523 838 sed

266 870 469 916 quantum
492 881 565 916 pro
590 867 791 905 industria
816 866 1006 904 exteriori
1031 866 1116 915 regi
1146 866 1322 914 placens,
1357 868 1523 904 tantum

264 946 337 982 pro
356 933 521 972 interna
543 933 695 971 suimet
723 933 983 982 neglegentia
1003 931 1234 980 displicens.
1295 932 1521 970 Ammone-

264 998 333 1036 bat
360 1011 455 1048 ergo
485 999 604 1036 illum
635 999 787 1046 sedulo,
819 1000 865 1036 ut
895 998 1166 1044 confiteretur.
1200 998 1241 1034 et
1271 997 1519 1044 emendaret,

263 1077 307 1101 ae
342 1064 590 1112 relinqueret
623 1064 774 1102 scelera
808 1077 890 1111 sua,
928 1064 1168 1113 priusquam
1207 1062 1342 1100 subito
1376 1063 1522 1101 mortis

262 1132 513 1179 superuentu
552 1132 715 1179 tempus
755 1144 878 1168 omne
921 1129 1158 1179 paenitendi
1197 1130 1236 1166 et
1274 1129 1523 1167 emendandi

261 1195 458 1243 perderet.
520 1195 678 1233 Uerum
725 1195 804 1243 ille,
847 1196 1084 1244 frequenter
1128 1195 1224 1232 licet
1268 1195 1516 1241 admonitus,

261 1261 477 1309 spernebat
515 1261 639 1298 uerba
674 1261 829 1309 salutis,
873 1274 1041 1310 seseque
1082 1263 1266 1309 tempore
1293 1261 1295 1309 l
1323 1263 1520 1309 sequente

260 1326 558 1375 paenitentiam
591 1329 778 1365 acturum
814 1340 900 1364 esse
930 1326 1209 1375 promittebat.
1270 1325 1385 1363 Haec
1414 1326 1522 1363 inter

260 1394 394 1430 tactus
418 1392 670 1440 infirmitate,
697 1393 846 1430 decidit
874 1392 917 1429 in
944 1392 1106 1438 lectum,
1134 1393 1256 1440 atque
1282 1391 1362 1428 acri
1389 1391 1519 1440 coepit

261 1457 399 1495 dolore
436 1458 628 1507 torqueri.
689 1459 755 1496 Ad
792 1471 915 1507 quem
954 1458 1163 1507 ingressus
1201 1470 1283 1503 rex,
1323 1456 1517 1505 diligebat

260 1522 372 1560 enim
393 1537 487 1561 eum
508 1524 701 1571 multum.
727 1523 978 1570 hortabatur,
1004 1525 1049 1560 ut
1071 1523 1138 1560 uel
1158 1525 1269 1569 tunc⁷
1294 1524 1518 1571 antequam

259 1590 497 1636 moreretur,
550 1589 846 1638 paenitentiam
891 1590 1027 1638 ageret
1075 1587 1398 1626 commissorum.
1460 1589 1518 1625 At

259 1653 330 1691 ille
350 1655 572 1703 respondit,
597 1668 682 1692 non
708 1668 750 1692 se
777 1657 876 1692 tunc
899 1655 1005 1691 uelle
1033 1654 1217 1692 confiteri
1242 1656 1404 1703 peccata
1431 1667 1513 1701 sua.

259 1720 328 1756 sed
363 1732 457 1757 eum
493 1720 543 1757 ab
576 1720 818 1758 infirmitate
848 1721 1106 1769 resurgeret3
1144 1733 1197 1757 ne
1228 1719 1517 1768 exprobrarent

258 1784 337 1822 sibi
358 1785 526 1833 sodales,
548 1787 655 1834 quod
677 1785 825 1823 timore
844 1785 990 1822 mortis
1009 1785 1157 1823 faceret
1179 1798 1233 1832 ea,
1256 1798 1357 1833 quae
1376 1798 1517 1833 sospes

256 1849 387 1888 facere
419 1851 633 1899 noluerat;
662 1851 826 1889 fortiter
857 1850 1034 1900 quidem,
1069 1852 1114 1887 ut
1148 1850 1226 1888 sibi
1260 1850 1478 1888 uidebatur
1490 1851 1512 1897 ³,

256 1915 427 1965 locutus,
465 1917 535 1954 sed
567 1917 865 1964 miserabiliter,
900 1919 946 1955 ut
981 1919 1072 1966 post
1101 1916 1245 1965 patuit,
1280 1916 1515 1954 daemonica

255 1981 399 2020 fraude
419 1983 620 2021 seductus.

311 2048 497 2097 Cumque
527 2049 672 2086 morbo
702 2048 1021 2098 ingrauescente,
1056 2048 1190 2085 denuo
1225 2048 1275 2085 ad
1309 2061 1404 2085 eum
1424 2047 1516 2085 uisi-

255 2113 429 2151 tandum
463 2127 506 2151 ao
545 2114 774 2152 docendum
813 2128 881 2151 rex
916 2114 1098 2161 intraret,
1141 2113 1342 2151 clamabat
1374 2114 1514 2151 statim

256 2177 482 2216 miserabili
501 2192 600 2216 uoce
619 2193 628 2217 ε
672 2181 680 2197 ⁶
696 2179 802 2226 Quid
823 2179 888 2217 uis
908 2179 1031 2217 modo
1048 2180 1068 2217 ἱ)
1107 2179 1205 2227 quid
1226 2179 1307 2216 huc
1328 2179 1514 2217 uenisti?

255 2255 338 2280 non
359 2243 471 2281 enim
491 2244 597 2281 mihi
617 2244 772 2294 aliquid
794 2245 984 2283 utilitatis
1010 2247 1079 2282 aut
1101 2244 1247 2282 salutis
1270 2247 1387 2294 potes
1407 2245 1514 2283 ultra

258 2309 468 2348 conferre?
524 2310 584 2347 At
621 2310 717 2348 ille:
766 2310 912 2356 ‘Nost’
954 2311 1101 2360 inquit.
1142 2311 1221 2349 ‘ita
1262 2311 1384 2360 loqui,
1418 2311 1514 2349 uide

255 2375 302 2411 ut
333 2387 479 2412 sanum
507 2375 667 2424 sapias.’
727 2376 873 2423 ‘Nom’
899 2376 1046 2425 inquit,
1076 2376 1269 2423 ‘insaniQ
1300 2377 1370 2414 sed
1393 2377 1515 2426 pessi-

258 2451 373 2477 mam
392 2440 498 2478 mihi
517 2440 732 2479 scientiam
748 2441 760 2460 4
784 2443 920 2479 certus
945 2455 1042 2491 prae
1069 2442 1196 2480 oculis
1218 2442 1376 2480 habe0.’
1438 2443 1512 2480 ‘Et

275 2536 286 2554 ¹
312 2537 404 2568 alius
421 2537 458 2569 C.
511 2537 523 2554 2
545 2538 634 2568 edil·
651 2538 694 2570 N.
769 2538 781 2556 ³
804 2539 972 2570 uideatur
988 2540 1034 2572 M.
1095 2540 1107 2558 ⁴
1131 2541 1386 2572 conscientiam
1405 2541 1440 2573 C.
1459 2540 1512 2573 ΒΞ.

252 2590 320 2623 VV2.
338 2592 378 2623 D.
396 2592 451 2623 &e
469 2603 477 2631 3
501 2594 716 2624 sententiam
732 2594 786 2632 A„

1552 548 1699 578 Further

1551 597 1682 618 Vismns.
1700 600 1743 617 cc.

1554 637 1593 661 13.
1614 637 1653 661 14.
