1803 2887
297 154 382 193 298
653 152 704 193 H
707 153 864 194 istoria
895 153 1202 195 Ecclesiastica
1409 162 1492 202 [Lm.
1513 166 1551 196 V.

297 281 392 305 eum
427 268 477 306 ad
508 270 666 306 rectum
697 269 794 306 haec
828 269 1040 306 tramitem
1072 270 1287 308 reuocare.’
1344 270 1423 318 Qui
1454 271 1552 308 haec

297 333 468 371 audiens
488 334 623 371 denuo
640 333 844 382 praecepit
868 334 992 381 fratri,
1015 348 1067 372 ne
1090 335 1189 372 haec
1215 335 1280 372 cui
1300 336 1553 384 patefaceret.

300 398 395 447 Ipse
421 412 528 446 uero,
553 399 718 437 tametsi
744 401 877 436 certus
902 401 964 437 est
992 399 1122 438 factus
1146 401 1195 437 de
1218 401 1386 448 uisione,
1411 400 1556 438 nihilo-

299 463 440 501 minus
460 464 651 501 temtauit
675 464 753 501 iter
778 464 1045 513 disposituml
1069 478 1163 502 cum
1190 465 1383 504 fratribus
1403 479 1554 503 memo-

300 529 398 567 ratis
427 529 616 578 incipere.
677 530 864 579 Cumque
894 530 977 568 iam
1008 531 1106 568 naui
1134 530 1423 580 inposuissent,
1454 544 1556 580 quae

301 595 407 631 tanti
446 594 605 631 itineris
643 594 861 632 necessitas
877 596 889 614 '²
927 595 1129 643 poscebat,
1171 598 1293 644 atque
1335 597 1558 645 oportunos

301 659 456 708 aliquot
472 659 557 696 dies
596 661 744 697 uentos
760 662 1030 708 expectarent,
1050 660 1153 698 facta
1173 662 1233 698 est
1248 663 1366 698 nocte
1382 660 1558 709 quadam

302 726 387 762 tam
412 737 531 762 saeua
559 726 789 773 tempestas,
815 738 917 774 quae
942 725 1113 774 perditis
1142 726 1346 764 nonnulla
1368 739 1418 763 ex
1444 727 1558 775 parte

302 789 376 837 his,
402 803 503 839 quae
518 790 562 827 in
583 789 681 827 naui
696 792 822 838 erant,
842 791 974 837 rebus,
995 790 1125 839 ipsam
1144 791 1189 828 in
1208 791 1317 828 latus
1330 792 1341 810 ⁴
1358 791 1558 828 iacentem

303 855 410 892 inter
442 856 573 893 undas
606 855 857 904 relinqueret
874 870 883 903 ;
913 856 1071 893 saluata
1099 857 1196 893 sunt
1228 857 1368 893 tamen
1406 856 1556 903 omnia,

305 933 406 969 quae
440 922 556 957 erant
590 920 831 969 Ecgbercti⁵
868 922 907 957 et
941 920 1144 958 sociorum
1175 921 1273 959 eius.
1332 921 1439 958 Tum
1474 920 1561 969 ipse

305 985 421 1035 quasi
450 985 735 1034 propheticum
759 985 862 1023 illud
894 986 1042 1033 dicens,
1071 987 1166 1035 quia
1200 987 1386 1035 ‘propter
1407 999 1475 1023 me
1500 986 1561 1023 est
1585 994 1654 1021 Ion.
1675 993 1694 1021 i.
1714 1002 1752 1022 12.

304 1053 527 1100 tempestas
539 1051 648 1098 haec,
658 1051 876 1088 'subtraxit
891 1064 933 1088 se
945 1051 1008 1088 illi
1022 1051 1276 1100 profectioni,
1297 1054 1337 1089 et
1350 1063 1561 1089 remanere

305 1117 418 1154 domi
438 1129 581 1166 passus
597 1117 608 1134 '²
629 1118 701 1154 est.

76 1188 270 1232 pugnaces&
358 1182 417 1219 At
447 1195 545 1219 uero
578 1194 687 1218 unus
717 1181 766 1218 de
797 1181 915 1218 sociis
949 1181 1045 1225 eius,
1079 1181 1276 1219 uocabulo
1308 1182 1558 1229 Uictberct7,

76 1227 280 1294 {fflvffiltsffssffi
306 1260 400 1285 cum
421 1249 528 1284 esset
550 1248 590 1284 et
609 1248 696 1295 ipse
712 1248 925 1284 contemtu
945 1247 1093 1284 mundi
1108 1260 1153 1284 ac
1170 1247 1375 1284 doctrinae
1395 1246 1564 1284 scientia

306 1313 492 1362 insignis,
529 1312 641 1361 (nam
675 1312 831 1349 multos
861 1325 992 1349 annos
1022 1312 1065 1349 in
1096 1312 1298 1350 Hibernia
1323 1312 1565 1361 peregrinus

306 1377 610 1416 anchoreticam
648 1377 692 1415 in
740 1390 889 1427 magna
935 1378 1184 1426 perfectione
1224 1378 1353 1415 uitam
1396 1376 1561 1426 egerat),

306 1443 490 1482 ascendit
513 1456 675 1490 nauem,
700 1444 741 1481 et
771 1443 954 1480 Fresiam
981 1444 1238 1492 perueniens,
1264 1442 1424 1481 duobus
1448 1442 1569 1480 annis

308 1508 516 1546 continuis
554 1508 669 1557 genti
708 1508 771 1545 illi
809 1522 853 1546 ac
891 1508 976 1558 regi
1014 1509 1101 1546 eius
1141 1508 1355 1546 Rathbedo
1393 1507 1568 1545 uerbum

308 1574 454 1612 salutis
467 1574 736 1623 praedicabat,
757 1587 890 1623 neque
907 1574 1087 1623 aliquem
1103 1574 1209 1611 tanti
1223 1573 1372 1611 laboris
1388 1573 1569 1610 fructum

308 1640 416 1689 apud
447 1639 640 1677 barbaros
671 1639 835 1677 inuenit
866 1639 1083 1677 auditores
1136 1640 1243 1677 Tum
1276 1637 1491 1676 reuersus⁸
1519 1638 1569 1675 ad

309 1705 482 1743 dilectae
502 1705 639 1742 locum
660 1704 1012 1754 peregrinationis,
1038 1704 1159 1742 solito
1178 1704 1223 1741 in
1245 1703 1409 1741 silentio
1428 1716 1571 1740 uacare

310 1770 491 1809 Domino
511 1770 643 1819 coepit
659 1785 668 1818 3
699 1772 739 1808 et
760 1771 954 1820 quoniam
977 1770 1156 1807 externis
1170 1770 1362 1819 prodesse
1381 1769 1431 1807 ad
1447 1769 1572 1806 fidem

310 1850 394 1873 non
420 1838 590 1885 poterat,
615 1835 699 1874 suis
721 1836 901 1885 amplius
924 1849 974 1873 ex
996 1835 1203 1874 uirtutum
1227 1835 1426 1884 exemplis
1454 1834 1570 1884 prod·

310 1914 397 1938 esse
417 1901 592 1939 curabat.

834 1997 954 2035 CAP.
988 1996 1038 2035 X.

315 2087 350 2114 Ut
371 2083 529 2114 Uilbrorffl
554 2086 589 2114 in
610 2086 718 2114 Fresia
733 2087 923 2120 praedicans
940 2086 1050 2114 ‘multos
1070 2086 1112 2114 acl
1129 2086 1283 2113 Christum
1295 2082 1319 2099 ¹⁰
1338 2085 1513 2113 conuerterit
1525 2080 1548 2100 ¹¹
1559 2093 1571 2120 ;

527 2140 553 2167 et
568 2140 602 2166 ut
619 2139 693 2166 socii
710 2139 777 2166 eius
791 2139 950 2167 Heuualdz'
966 2139 1029 2166 sint
1044 2138 1230 2172 martyrium
1240 2138 1341 2173 passi.

84 2214 219 2260 Mission
235 2214 270 2241 of
367 2203 433 2241 Ua:
467 2205 607 2241 autem
645 2203 752 2241 uidit
785 2203 851 2241 uir
885 2203 1058 2241 Domini
1097 2203 1296 2252 Ecgberct
1310 2202 1334 2250 ⁷,
1373 2201 1470 2250 quia
1501 2214 1575 2238 nec

85 2254 260 2283 Wflbrord.
312 2268 399 2318 ipse
427 2269 477 2306 ad
507 2268 827 2318 praedicandum
856 2269 1050 2318 gentibus
1076 2268 1217 2305 uenire
1246 2266 1571 2317 permittebatur,

314 2335 499 2372 retentus
529 2334 580 2372 ob
603 2334 726 2372 aliam
752 2336 917 2372 sanctae
946 2333 1138 2371 ecclesiae
1162 2333 1397 2379 utilitatem,
1422 2332 1472 2370 de
1497 2344 1576 2380 qua

357 2426 367 2443 ¹
391 2426 594 2477 depositum
612 2426 648 2457 G.
738 2425 751 2443 ²
774 2427 948 2457 necesitas
964 2426 1009 2457 M.
1116 2425 1128 2442 ³
1152 2426 1276 2456 diebus
1293 2425 1335 2455 N.
1353 2425 1389 2456 C.
1481 2423 1493 2441 ⁴
1517 2425 1575 2455 lit·

316 2481 374 2510 tus
389 2478 434 2508 M.
454 2488 499 2508 on
517 2479 627 2509 sibian
646 2480 667 2508 i.
682 2489 705 2510 e.
724 2479 763 2509 in
781 2479 874 2509 latus
890 2478 958 2509 As.
1045 2478 1057 2495 ⁵
1080 2478 1234 2508 -berchti
1251 2477 1289 2509 C.
1370 2476 1382 2493 ⁶
1405 2487 1510 2516 pasus
1528 2477 1575 2508 M.

316 2529 327 2548 ⁷
351 2530 472 2560 -berht
490 2530 526 2560 O.
574 2529 585 2546 ²³
601 2530 667 2561 ref·
685 2530 736 2563 0¹.
780 2530 792 2549 ⁹
807 2530 900 2561 uuil-
917 2530 947 2561 N
963 2541 972 2570 ;
994 2528 1181 2561 u'u‘ilbrod
1198 2529 1236 2561 C.
1292 2528 1316 2547 ¹⁰
1333 2529 1520 2559 dominum
1537 2528 1575 2560 O.

317 2584 340 2603 ¹¹
365 2585 492 2616 -uertit
510 2585 555 2616 M.
