1803 2887
89 454 110 482 f.
129 464 161 481 22
176 463 205 482 a.

434 166 487 208 H
488 166 645 208 istoria
677 165 901 208 Abbatum
932 170 1109 208 auctore
1141 167 1396 222 Anonymo.
1458 168 1543 208 389

286 279 485 325 discipline
505 279 668 325 regulari
687 292 753 324 per
766 280 894 315 omnia
908 281 1070 316 studens.
1120 281 1197 316 Nec
1212 281 1331 316 multo
1344 284 1427 326 post
1441 281 1543 316 idem

286 337 509 382 Cynefridus
521 337 544 381 ¹,
565 337 786 382 pestilentia
808 338 920 383 longe
947 338 1097 382 lateque
1124 341 1327 384 grassante,
1352 351 1437 374 cum
1460 340 1544 374 aliis

286 407 432 440 quoque
458 396 667 441 Anglorum
696 395 894 437 nobilibus,
922 396 985 440 qui
1011 396 1135 441 gratia
1162 397 1313 442 legendi
1344 397 1546 442 scripturas

284 454 351 489 illo
369 456 660 499 praecesserant,
676 466 698 488 a
715 457 832 489 morte
850 457 935 489 tran
959 455 961 499 Ι
985 455 1115 489 sitoria
1128 458 1351 500 perpetuam
1366 456 1545 501 migrauit

284 513 332 547 ad
352 513 482 554 uitam,
504 515 541 548 et
563 512 821 547 Tunberctus²
841 524 917 547 una
942 525 1025 547 cum
1048 513 1238 548 Ceolfrido
1260 516 1295 549 et
1321 525 1396 549 non
1416 514 1545 558 paucis

282 582 301 607 e
326 570 505 606 fratribus
531 571 610 606 eius
635 571 857 606 monasterii
883 571 1069 606 inuitatus
1092 583 1114 606 a
1140 572 1343 607 Wilfrffioss
1370 573 1544 618 episcopo

282 630 330 664 ad
363 630 634 664 monasterium
673 630 844 674 Rypense
881 630 1045 673 secessit,
1079 630 1143 664 ubi
1186 630 1396 666 Ceolfridus
1438 631 1545 666 iuxta

282 699 424 723 morem
442 688 607 733 regulari
625 688 796 722 subditus
815 688 1104 732 conuersationi,
1123 691 1293 734 tempore
1307 690 1544 734 procedente,

282 758 304 780 a
321 747 491 791 praefato
510 746 686 791 episcopo
705 747 751 781 ad
766 746 1059 791 presbiteratum
1071 747 1211 782 electus
1223 750 1334 792 atquc
1350 748 1545 782 ordinatus

283 808 349 847 est,
362 816 547 839 annorum
566 805 716 840 circiter
728 804 822 839 XXti
835 807 873 840 et
884 804 1028 840 Vlltssffl.
1094 805 1163 848 Qui
1182 818 1268 841 mox
1286 806 1480 841 ordinatus
1498 807 1544 842 ob

284 864 448 899 studium
483 864 649 899 discendi
683 864 845 899 maxime
881 863 982 898 uitae
1017 864 1292 899 monasterialis
1328 867 1365 900 et
1398 866 1543 910 gradus,

283 934 393 967 quem
412 921 588 963 subierat,
607 922 793 964 instituta,
812 922 987 957 Cantiam
1000 923 1011 940 4
1031 923 1153 967 petiit.

330 991 362 1024 4.
392 980 570 1016 Peruenit
593 983 630 1016 et
654 981 700 1015 ad
725 981 867 1025 Anglos
888 980 1110 1021 Orientales,
1136 983 1177 1015 ut
1199 981 1346 1017 uideret
1370 981 1548 1017 instituta

284 1039 449 1074 Botuulfi
464 1038 477 1058 ⁵
503 1039 661 1083 abbatis,
677 1051 789 1083 quein
804 1039 1005 1085 singularis
1024 1040 1125 1075 uitae
1144 1042 1181 1075 et
1200 1040 1394 1075 doctrinae
1410 1040 1545 1084 uirum,

282 1098 478 1143 gratiaque
498 1098 659 1142 Spiritus
670 1097 682 1116 ⁶
700 1098 868 1142 plenum,
884 1098 984 1132 fania
998 1098 1286 1143 circumquaque
1302 1099 1525 1144 uulgauerat
1539 1112 1545 1140 ;

284 1156 560 1200 instructusque
595 1157 842 1199 abundanter,
871 1159 1053 1201 quantum
1085 1156 1191 1192 breui
1225 1157 1362 1202 potuit,
1394 1158 1545 1192 domum

282 1215 407 1258 rediit,
426 1215 518 1250 adeo
543 1218 584 1250 ut
608 1227 718 1250 nemo
743 1227 810 1259 per
834 1215 871 1250 id
896 1215 1077 1260 temporis
1103 1216 1165 1250 uel
1190 1215 1229 1249 in
1253 1216 1545 1259 aecclesiastica,

284 1274 343 1308 uel
361 1273 400 1308 in
418 1273 675 1310 monasteriali
694 1275 834 1319 regula,
861 1274 1082 1309 doct-iorillo
1108 1276 1235 1318 posset
1258 1274 1446 1318 inueniri3
1477 1287 1545 1310 nec

282 1335 413 1367 tamen
431 1332 493 1367 uel
512 1333 657 1378 gradus,
677 1333 737 1367 uel
762 1332 994 1376 eruditioni&
1013 1333 1073 1368 uel
1096 1333 1212 1368 etiam
1230 1333 1441 1368 nobilitatis
1459 1345 1545 1369 suae

282 1390 434 1431 intuitu,
448 1394 491 1425 ut
506 1391 668 1435 quidam,
683 1392 729 1426 ab
742 1391 971 1426 humilitatis
986 1394 1085 1426 statu
1099 1391 1221 1426 ualuit
1236 1392 1414 1432 reuocari,
1430 1391 1522 1436 quin
1533 1390 1546 1409 ⁷

282 1449 321 1483 in
363 1449 534 1484 omnibus
576 1449 740 1495 regulari
777 1461 814 1485 se
853 1450 1049 1495 satagebat
1088 1449 1303 1494 mancipare
1343 1450 1545 1485 custodiae.

284 1508 476 1552 Siquidem
494 1511 662 1553 tempore
686 1520 762 1543 non
785 1520 903 1553 pauco
925 1508 1077 1553 pistoris
1102 1508 1264 1543 officium
1286 1511 1428 1551 tenens,
1447 1509 1547 1544 inter

283 1566 535 1611 cribrandum,
554 1567 816 1611 clibanumque
844 1568 1126 1602 accendendum
1144 1568 1487 1612 mundandumque,
1509 1571 1545 1603 et

282 1636 400 1670 panes
425 1625 465 1659 in
491 1637 534 1661 eo
560 1626 782 1670 coquendos,
809 1625 1079 1670 presbiteratus
1103 1626 1359 1661 caeremonias
1393 1627 1545 1662 sedulus

282 1683 425 1720 discere
453 1684 565 1718 simul
590 1687 628 1720 et
654 1696 829 1720 exercere
856 1697 930 1719 non
959 1685 1106 1726 omisit;
1135 1697 1205 1729 quo
1232 1687 1402 1730 tempore
1429 1685 1545 1720 etiam

284 1743 287 1786 Ι
312 1743 496 1788 regularis
514 1743 779 1778 obseruantiae
800 1743 1018 1789 magisterio
1039 1743 1214 1778 fratribus
1233 1755 1405 1788 praeesse
1425 1743 1544 1778 iussus

283 1803 350 1845 est,
364 1814 446 1846 quo,
461 1814 528 1846 pro
544 1801 659 1837 insita
672 1801 743 1836 sibi
757 1802 969 1837 eruditione
984 1802 1094 1837 simul
1110 1805 1149 1837 et
1163 1802 1234 1837 zeli
1250 1803 1395 1837 feruore
1411 1801 1545 1845 diuini,

283 1863 322 1895 et
341 1859 477 1895 inscios
495 1860 704 1904 instituere,
725 1863 762 1896 et
781 1863 1020 1896 contumaces
1040 1861 1267 1906 redarguere
1287 1861 1453 1896 deberet.

332 1927 360 1963 5.
390 1919 441 1953 Ut
459 1931 548 1954 uero
566 1921 717 1964 tempus
735 1919 874 1961 aderat,
895 1932 968 1963 quo
987 1931 1071 1954 eum
1091 1919 1262 1954 caelestis
1279 1919 1432 1954 Arbiter
1450 1918 1543 1953 emi-

284 1977 432 2012 nentius
474 1980 654 2013 rectorem
695 1978 819 2013 facere
862 1979 1081 2014 decreuerat
1117 1978 1329 2012 animarum
1363 1977 1541 2018 fidelium,

282 2037 416 2072 beatae
435 2037 635 2072 memoriae
658 2040 786 2081 pastor
810 2039 847 2072 ct
868 2037 964 2071 abba
984 2039 1111 2072 noster
1133 2037 1370 2080 Benedictus,
1390 2036 1544 2082 cognita

282 2095 514 2139 cruditionis,
557 2095 764 2140 religionis,
807 2098 845 2130 et
895 2095 1103 2130 industriae
1155 2095 1233 2130 eius
1277 2095 1411 2140 gratia,
1458 2108 1542 2130 cum

281 2153 550 2188 monasterium
576 2153 655 2195 hoc,
687 2153 727 2187 in
756 2165 828 2198 quo
859 2165 924 2188 nos
951 2166 1110 2199 superna
1136 2154 1257 2198 pietas
1283 2153 1542 2200 congregauit‚

280 2212 479 2247 instituere
501 2211 751 2256 disposuisset,
774 2212 875 2247 hunc
898 2212 969 2247 sibi
993 2224 1015 2247 a
1038 2215 1244 2247 meinorato
1266 2214 1345 2248 eius
1369 2212 1544 2257 episcopo

282 2271 494 2306 adiutorem
529 2272 566 2305 et
597 2273 879 2315 cooperatorem
915 2271 1143 2306 monasticae
1177 2270 1429 2306 institutionis
1464 2270 1546 2305 dari

283 2329 471 2370 obtinuit;
498 2340 573 2364 non
596 2329 685 2373 quia
707 2331 838 2365 tantae
865 2329 1022 2374 peritiae
1041 2329 1099 2363 uir
1122 2329 1200 2365 eius
1219 2328 1452 2374 magisterio,
1472 2341 1544 2373 quo

281 2387 361 2432 ipse
373 2387 599 2429 inbueretur‚
615 2399 705 2432 opus
718 2388 901 2431 habuerit,
917 2400 1002 2423 cum
1020 2387 1213 2423 multoties
1232 2399 1332 2423 mare
1344 2387 1356 2406 ⁸
1371 2387 1544 2429 transito,

324 2491 333 2508 ¹
359 2490 539 2522 kinfridus
557 2492 584 2523 δ.
687 2489 699 2507 ²
723 2491 951 2521 tumberhtus
968 2492 996 2523 δ.
1097 2489 1109 2507 ³
1131 2490 1191 2521 —do
1209 2492 1236 2522 δ.
1326 2490 1338 2507 ⁴
1361 2491 1480 2521 cantia
1499 2491 1546 2522 H.

280 2543 293 2562 ⁵
318 2542 445 2573 botulfi
462 2543 488 2573 δ.
619 2543 631 2561 ⁶
654 2543 802 2582 spiritus
818 2544 934 2574 sancti
951 2544 977 2573 δ.
1101 2541 1112 2559 ⁷
1136 2544 1198 2582 qui
1215 2543 1261 2583 H,
1277 2545 1349 2573 with
1364 2552 1407 2572 om
1423 2552 1547 2573 erasure

281 2597 360 2632 aster
375 2596 409 2625 it.
534 2594 546 2611 ⁸
569 2595 660 2624 mari
677 2595 707 2626 δ.

1569 639 1726 667 Removes
1741 641 1774 665 to

1571 678 1686 713 Ripon.

1570 926 1672 955 Visits
1685 928 1773 955 Kent

1570 967 1637 994 and
1653 967 1732 994 Eastf

1571 1006 1699 1041 Anglia.

1571 1160 1717 1187 Returns
1732 1162 1765 1186 to

1571 1199 1687 1234 Ripon.

1569 1923 1665 1951 Joins
1674 1924 1775 1951 Bene-

1569 1963 1638 1991 dict
1660 1963 1776 1997 Biscop

1569 2003 1627 2030 the
1634 2002 1776 2030 founder

1568 2044 1604 2070 of
1615 2042 1728 2070 Wear-

1567 2082 1694 2110 mouth.
