1803 2887
304 153 388 192 262
659 149 868 191 Historia
898 148 1205 191 Ecclesiastiea
1399 157 1486 198 [Lm.
1503 160 1558 190 IV.

303 279 447 305 omnes
466 265 787 315 placidissimam
809 277 851 302 se
876 266 1059 302 mentem
1085 264 1135 302 ad
1158 264 1290 312 illum,
1317 266 1357 302 et
1376 264 1426 302 ab
1447 265 1562 302 omni

304 332 364 370 ira
376 333 575 369 remotam
592 330 751 377 habere,
765 343 941 378 eumque
954 329 1138 367 uicissim
1151 330 1347 378 rogabant
1359 329 1561 379 placidam

305 411 400 447 erga
420 396 530 445 ipsos
551 398 735 433 mentem
756 395 914 433 habere.
978 394 1057 442 Qui
1083 395 1300 432 confestim
1320 394 1532 444 respondit
1551 409 1560 433 ε

307 466 316 481 ⁴
330 462 541 500 Placidam
563 474 636 510 ego
657 463 852 507 mentem,
873 460 1002 501 filioli,
1019 473 1114 509 erga
1134 473 1279 498 omnes
1294 460 1371 498 Dei
1385 460 1564 498 famulos

303 527 425 577 gero.'
473 526 619 574 Sicque
635 538 676 562 se
693 525 857 563 caelesti
872 526 1067 563 muniens
1083 525 1244 572 uiatico,
1264 525 1375 563 uitae
1394 524 1562 562 alterius

303 591 509 642 ingressui
541 590 726 640 parauit3
757 593 797 628 et
826 591 1107 640 interrogauit,
1142 604 1265 640 quam
1294 603 1419 639 prope
1456 591 1561 627 esset

304 658 416 704 hora,
438 670 516 705 qua
531 656 676 693 fratres
691 656 740 693 ad
759 656 951 694 dicendas
967 656 1145 693 Domino
1160 655 1171 673 ¹
1187 656 1327 693 laudes
1343 657 1563 693 nocturnas

305 721 473 760 excitari
512 721 719 759 deberent.
781 721 1131 770 Respondebant:
1166 721 1281 758 ‘Non
1319 721 1442 769 longe
1473 720 1562 758 est.’

303 789 363 826 At
391 787 486 824 ille:
522 787 672 833 ‘Bene,
698 800 794 835 ergo
823 789 1108 835 exspectemus
1136 787 1280 824 horam
1309 786 1453 824 illam.'
1509 785 1563 823 Et

303 853 473 902 signans
502 865 545 890 se
580 851 698 901 signo
737 855 900 889 sanctae
940 851 1070 890 crucis
1107 851 1324 889 reclinauit
1362 852 1482 900 caput
1513 851 1563 888 ad

305 917 487 965 ceruical,
530 917 820 966 modicumque
861 917 1123 955 obdormiens
1162 917 1220 954 ita
1267 930 1361 954 cum
1402 915 1564 954 silentio

304 981 435 1019 uitam
456 980 605 1018 finiuit.
665 980 811 1029 Sicque
828 980 982 1018 factum
998 983 1068 1027 est,
1086 982 1143 1026 ut,
1165 980 1370 1029 quomodo
1386 978 1564 1027 simplici

304 1059 349 1084 ac
373 1059 474 1095 pura
499 1047 640 1083 mente
660 1046 962 1094 tranquillaque
992 1045 1210 1083 deuotione
1236 1045 1416 1083 Domino
1446 1044 1566 1082 serui-

306 1116 402 1159 erat,
431 1112 488 1149 ita
517 1111 643 1149 etiam
674 1111 898 1159 tranquilla
928 1114 1061 1148 morte
1090 1111 1296 1148 mundum
1328 1110 1566 1159 relinquens

305 1178 354 1216 ad
394 1177 482 1214 eius
520 1177 722 1214 uisionem
761 1176 933 1223 ueniret,
977 1176 1129 1225 illaque
1167 1176 1319 1225 lingua,
1363 1188 1466 1224 quae
1503 1177 1566 1213 tot

307 1243 501 1281 salutaria
539 1242 663 1279 uerba
711 1242 755 1279 in
802 1242 965 1279 laudem
1004 1242 1238 1281 Conditoris
1283 1242 1561 1290 conposuerat,

306 1308 454 1346 ultima
493 1320 656 1356 quoque
694 1307 821 1345 uerba
866 1308 909 1345 in
947 1307 1110 1345 laudem
1154 1307 1294 1356 ipsius,
1337 1306 1567 1356 signando²

307 1387 404 1421 sese,
436 1376 475 1411 et
506 1373 697 1422 spiritum
727 1386 850 1410 suum
879 1373 922 1410 in
953 1386 1100 1411 manus
1125 1373 1213 1410 eius
1242 1372 1567 1410 commendando

309 1439 543 1485 clauderet3
574 1438 645 1487 qui
671 1438 795 1476 etiam
824 1439 1031 1487 praescius
1059 1438 1123 1476 sui
1150 1438 1286 1476 obitus
1315 1438 1497 1476 extitisse
1520 1450 1571 1475 ex

308 1504 385 1551 his,
412 1518 515 1554 quae
535 1505 806 1552 narrauimus,
831 1504 1005 1542 uidetur.

677 1655 798 1694 CAP.
833 1655 989 1693 XXIII
1021 1651 1190 1706 [XXV]

367 1757 472 1792 Qualis
487 1757 569 1784 uisz'o
585 1757 711 1784 cuidam
726 1757 794 1783 uiro
812 1756 867 1784 Dei
882 1756 1071 1792 apparuerit,
1086 1756 1275 1791 prinsquam
1291 1757 1512 1785 monasterium

560 1809 732 1837 Coludancce
743 1806 753 1822 ³
771 1809 857 1836 urbis
873 1810 945 1836 esset
962 1809 1099 1836 incendio
1116 1810 1318 1837 corzsumtwn.

80 1898 229 1933 Colding-
365 1885 449 1923 H1s
470 1885 726 1934 temporibus
741 1885 1037 1923 monasterium
1053 1885 1277 1934 uirginum,
1298 1886 1405 1935 quod
1423 1886 1569 1925 Coludi

80 1938 267 2011 ssssarffissf'hy
311 1951 470 1990 Urbem
501 1950 805 2000 cognominant,
831 1950 947 1988 cuius
976 1952 1015 1987 et
1044 1963 1167 1999 supra
1195 1951 1474 2000 meminimus,
1499 1966 1571 2001 per

80 2016 146 2044 fise·
311 2017 475 2065 culpam
497 2016 677 2054 incuriae
698 2016 876 2054 flammis
895 2016 1134 2054 absumtum
1159 2019 1229 2054 est.
1293 2017 1409 2064 Quod
1429 2020 1569 2055 tamen

310 2096 334 2121 a
356 2082 515 2120 malitia
544 2081 871 2119 inhabitantium
901 2081 943 2118 in
969 2095 1014 2118 eo
1027 2082 1050 2128 ⁴,
1080 2083 1120 2119 et
1143 2082 1358 2131 praecipue
1384 2082 1565 2131 illorum,
1594 2089 1701 2135 cf3Ps.

311 2148 383 2197 qui
415 2147 592 2185 maiores
621 2161 708 2185 esse
741 2147 998 2193 uidebantur,
1037 2147 1266 2196 contigisse,
1305 2161 1458 2195 omnes,
1499 2149 1570 2198 qui
1594 2139 1654 2158 ‘m'
1673 2138 1716 2164 34

311 2226 472 2259 nouere,
496 2213 693 2251 facillime
713 2215 938 2261 potuerunt
958 2213 1181 2250 aduertere.
1240 2213 1319 2251 Sed
1339 2227 1423 2251 non
1439 2214 1570 2252 defuit

311 2278 534 2327 puniendis
553 2278 779 2316 admonitio
800 2277 963 2315 diuinae
989 2277 1162 2326 pietatis,
1189 2291 1268 2326 qua
1288 2279 1454 2316 correcti
1499 2293 1571 2328 per

311 2344 473 2391 ieiunia,
498 2344 630 2391 fletus,
656 2346 695 2381 et
714 2356 854 2392 preces
873 2344 976 2381 iram
996 2357 1019 2382 a
1039 2356 1092 2391 se,
1113 2343 1245 2381 instar
1264 2344 1566 2393 Nineuitarum,
1595 2356 1635 2384 cf.
1653 2356 1714 2383 Ion

310 2409 410 2447 iusti
431 2409 587 2447 Iudicis
607 2411 851 2447 auerterent.
1595 2395 1640 2424 iii„
1656 2403 1736 2430 ⁵'¹⁰'

356 2517 366 2535 ¹
390 2518 454 2549 deo
467 2519 502 2549 C.
653 2518 664 2535 ²
688 2519 862 2558 signando
880 2528 936 2549 om.
955 2519 994 2549 C.
1010 2517 1074 2556 01¹.
1092 2519 1135 2550 D.
1151 2518 1208 2550 διο.
1224 2530 1232 2557 ;
1278 2520 1423 2558 signans
1440 2519 1503 2561 01².
1521 2521 1569 2558 0⁸-

312 2570 426 2610 011-12.
444 2572 503 2609 ΟΠ.
639 2571 650 2588 ³
675 2581 733 2602 ·ne
751 2572 795 2603 M.
931 2570 943 2588 4
966 2581 1006 2602 ea
1023 2571 1069 2602 M.
1205 2572 1216 2590 ⁵
1241 2572 1345 2612 -repti
1363 2572 1418 2603 ΝΑ.
