1803 2887
263 180 339 210 CAP.
359 176 414 218 X.]
658 168 809 211 Gentis
840 168 1094 222 Angylorum
1103 198 1112 209 .
1435 170 1512 209 101

261 282 423 322 tionem¹
457 284 520 322 sui
546 284 721 322 reseratis
749 284 871 321 cordis
903 282 1047 328 ianuis,
1081 293 1177 329 quae
1212 282 1257 319 de
1289 285 1404 320 semet
1434 283 1516 329 ipsa

252 347 495 397 proferetur²
533 352 672 386 secreta
712 349 895 385 humanis
931 348 1121 385 mentibus
1159 348 1409 394 inspiratione
1446 349 1514 384 cle-

261 418 407 452 menter
428 414 635 461 infundit,·
666 414 718 451 ad
743 412 1082 451 culnuntiandam3
1107 413 1215 449 uobis
1231 413 1511 459 plenitudinem

251 481 351 527 fidei
385 479 627 518 Christianae
662 479 929 516 sacerdotalem
967 479 1190 515 eurauimus
1221 478 1511 515 sollicitudinem

250 556 463 592 proroyare,
496 547 540 581 ut
558 545 721 591 perinde
752 544 893 583 Christi
922 544 1172 590 cuanyclium,
1207 543 1307 590 quod
1334 542 1516 580 Saluator

255 613 381 647 noster
394 610 568 647 omnibus
573 610 765 656 praecepit
777 609 952 656 yentibus
963 609 1196 655 praedicari,
1216 609 1355 645 uestris
1369 620 1513 655 quoque

254 676 424 712 sensibus
456 676 672 721 inserentes,
711 675 848 711 salutis
875 677 1024 711 uestrae
1051 674 1221 711 remedia
1240 674 1507 720 propinentur.

255 739 450 786 Superuae
487 741 608 787 iyitur
643 740 856 777 maiestatis
888 739 1095 785 clementia,
1132 751 1228 785 quae
1266 741 1399 776 cmzcta
1436 739 1512 775 solo

254 805 366 842 uerbo
383 806 662 852 praeceptionis
685 817 777 843 suae
801 805 971 842 condidit
998 807 1031 841 et
1058 805 1212 851 creauit,
1238 805 1383 841 caelum
1411 804 1513 841 uide-

255 870 337 906 licet
357 872 391 907 et
410 873 559 917 terram,
583 882 688 907 marc
711 873 744 907 et
771 870 908 916 omnia,
934 881 1030 916 Quae
1055 870 1097 906 in
1118 870 1171 907 cis
1196 872 1295 912 sunt,
1322 870 1513 915 dispositis

254 935 462 982 ordinibus,
487 937 623 983 quibus
642 936 895 981 subsisterent,
920 936 1107 972 coaeterni
1128 935 1242 972 Uerbi
1259 936 1322 972 sui
1342 935 1506 981 consilio,

61 1006 192 1051 ettGsgen.
207 1006 226 1034 i.
255 1003 290 1037 et
334 1000 467 1038 Sancti
513 1002 680 1048 Spiritus
730 1002 878 1038 unitate
930 1001 1164 1047 dispensans,
1215 1000 1406 1038 hominem
1460 1001 1512 1037 ad

60 1055 107 1080 ²⁷³
129 1055 160 1073 u'
178 1055 199 1081 '⁷'
254 1066 459 1114 imayinem
480 1069 514 1104 et
532 1067 826 1104 similitudinem
845 1078 957 1103 suam
978 1078 1020 1103 ea*
1035 1067 1123 1103 limo
1139 1069 1259 1103 terrae
1270 1067 1510 1113 plasmatum

252 1133 456 1179 constituit,
478 1133 583 1179 eique
603 1135 751 1170 tantam
762 1133 932 1178 praemii
943 1132 1257 1179 praeroyatiuam
1272 1132 1446 1178 indulsit,
1466 1135 1510 1169 ut

251 1209 337 1234 eum
350 1199 494 1235 cunctis
497 1201 752 1245 praeponeret,
768 1200 879 1244 atque
890 1199 1039 1234 seruato
1053 1197 1212 1234 temnino
1217 1198 1504 1245 praeceptionis,

250 1264 488 1301 aeternitatis
517 1264 763 1301 subsistentia
779 1263 1054 1310 praem-uniret.
1115 1263 1236 1300 Hunc
1269 1275 1354 1310 erqo
1381 1264 1507 1300 Deum

250 1329 416 1375 Patrem,
434 1332 468 1366 et
481 1329 640 1376 Filium,
659 1332 693 1366 et
706 1328 892 1376 Spiritum
907 1328 1102 1375 Sam‘tmn,
1120 1328 1219 1375 quod
1235 1332 1287 1365 cst
1303 1329 1510 1367 iridiuidua

62 1402 135 1431 Mal.
152 1403 170 1431 i.
187 1413 224 1431 11.
251 1394 434 1441 Trinitas,
459 1395 506 1432 ab
526 1397 610 1431 ortu
630 1395 718 1432 solis
732 1406 850 1441 usque
871 1394 922 1431 ad
941 1405 1123 1440 occasum,
1143 1394 1357 1431 humanum
1373 1406 1503 1442 yenus,

249 1461 383 1507 quippe
403 1463 448 1497 ut
471 1463 672 1498 creatorem
698 1461 870 1497 omnium
896 1462 1007 1506 atque
1019 1459 1207 1506 factorem
1228 1471 1353 1506 suum,
1378 1461 1508 1497 salariti-

112 1535 131 1561 f.
149 1543 182 1570 35
195 1543 222 1562 a.
240 1526 332 1573 fera
358 1525 361 1571 Ι
387 1538 453 1563 con
451 1526 620 1573 sessione
639 1526 721 1572 fide
743 1528 950 1563 ueneratur
975 1527 1008 1562 et
1034 1525 1119 1562 colit
1137 1538 1148 1570 ,·
1180 1525 1241 1562 cui
1268 1526 1383 1562 etiam
1406 1538 1505 1563 sum-

247 1592 399 1629 mitates
424 1592 574 1638 imperii
602 1602 801 1638 rerumque
817 1593 1024 1638 potestates
1049 1591 1259 1628 submissae
1284 1594 1384 1638 sunt,
1415 1592 1507 1638 quia

248 1658 329 1695 eius
350 1657 593 1704 dispositione
618 1657 791 1694 omnium
807 1657 999 1703 praelatio
1024 1668 1226 1703 regynorum
1250 1657 1501 1695 concedam-⁴¹.

246 1723 350 1760 Eius
387 1734 470 1770 erqo
509 1723 689 1760 bonitatis
726 1722 985 1759 misericordia
1027 1722 1143 1758 totius
1183 1725 1377 1759 creaturae
1414 1734 1506 1760 suae

247 1789 440 1825 dilatandi
472 1788 585 1825 subdi
623 1789 739 1825 etiam
772 1789 813 1824 in
847 1786 1106 1825 extremitatef’
1142 1790 1264 1824 terrae
1288 1788 1505 1834 positarum

242 1855 415 1902 yentium
434 1854 547 1891 corda
563 1853 729 1901 friyida,
754 1854 887 1891 Sancti
909 1853 1076 1900 Spiritus
1087 1853 1245 1900 feruore
1268 1854 1311 1890 in
1334 1854 1395 1890 sui
1417 1865 1505 1900 quo-

250 1932 320 1967 que
340 1921 535 1967 aqnitione
554 1920 782 1956 mirabiliter
799 1921 852 1956 est
871 1919 1032 1966 dianata
1050 1919 1282 1956 succendere.

300 1986 405 2033 Quae
426 1986 527 2023 enim
546 1986 588 2022 in
605 1985 758 2033 gdoriosi
771 1985 850 2031 filii
870 1985 990 2021 nostri
1008 1983 1239 2021 Audubaldi
1252 1984 1264 2003 ⁶
1279 1984 1378 2032 reglis
1389 1985 1507 2032 qena-

247 2052 386 2098 busque
420 2052 454 2088 ei
485 2051 688 2098 subpositis
724 2050 999 2096 inlustratione,
1038 2050 1235 2086 clementia
1267 2049 1507 2088 Redemtoris

237 2117 363 2164 fuerit
378 2120 540 2164 operata,
547 2117 703 2163 plenius
715 2127 759 2153 eae
770 2116 970 2152 uieinitate
986 2116 1148 2152 locorum
1162 2117 1332 2152 uestram
1343 2116 1504 2162 gyloriam

245 2184 453 2220 conicimus
482 2183 707 2230 coynouisse.
768 2181 873 2218 Eius
903 2192 987 2228 erqo
1019 2181 1193 2217 mirabile
1225 2180 1367 2217 donum
1398 2183 1432 2218 et
1462 2181 1504 2218 in

241 2248 349 2285 uobis
367 2251 466 2285 certa
486 2259 557 2294 spe,
583 2247 732 2285 caelesti
757 2247 1045 2293 lonssanimitate
1064 2246 1229 2293 conferri
1248 2246 1503 2293 confidimus,-

243 2326 329 2351 cum
352 2314 521 2361 profecto
552 2314 755 2361 gloriosam
793 2313 990 2360 coniugiem
1026 2314 1205 2358 uestram,
1249 2323 1346 2358 quae
1382 2312 1503 2349 uestri

242 2381 404 2426 eorporis
413 2391 510 2426 pars
530 2390 606 2416 esse
631 2379 848 2425 dinoscitur,
874 2378 1110 2415 aeternitatis
1124 2378 1298 2423 praemio
1309 2388 1382 2424 per
1403 2378 1505 2414 sacri

244 2445 482 2491 baptismatis
538 2445 858 2492 reyenerationem
918 2443 1193 2480 ‘inluminatam
1257 2443 1498 2490 agnouimus.

288 2543 298 2560 ¹
321 2553 379 2574 -ne
395 2544 453 2574 Ml.
541 2542 552 2560 ²
574 2543 751 2583 profertur
768 2544 825 2582 HI.
915 2543 927 2560 ³
952 2544 1051 2574 -dum
1069 2543 1103 2574 C.
1193 2543 1204 2560 4
1227 2543 1347 2574 -detur
1363 2543 1419 2574 M1.
1438 2541 1503 2580 B¹3

245 2595 399 2626 -deretur
410 2596 445 2626 C.
534 2597 545 2614 ⁵
569 2597 786 2627 exn-imitate
804 2595 862 2627 M¹.
969 2594 980 2611 θ
1002 2595 1165 2626 eadbaldi
1184 2594 1230 2626 (3².
