<?xml version="1.0" encoding="UTF-8"?>
<!DOCTYPE html PUBLIC "-//W3C//DTD XHTML 1.0 Transitional//EN"
    "http://www.w3.org/TR/xhtml1/DTD/xhtml1-transitional.dtd">
<html xmlns="http://www.w3.org/1999/xhtml" xml:lang="en" lang="en">
 <head>
  <title>
</title>
<meta http-equiv="Content-Type" content="text/html;charset=utf-8" />
  <meta name='ocr-system' content='tesseract 3.04.00' />
  <meta name='ocr-capabilities' content='ocr_page ocr_carea ocr_par ocr_line ocrx_word'/>
</head>
<body>
  <div class='ocr_page' id='page_1' title='image "./venerabilisbaeda00bedeuoft_0468.png"; bbox 0 0 1803 2887; ppageno 0'>
   <div class='ocr_carea' id='block_1_1' title="bbox 84 547 268 575">
    <p class='ocr_par' dir='ltr' id='par_1_1' title="bbox 84 547 268 575">
     <span class='ocr_line' id='line_1_1' title="bbox 84 547 268 575; baseline 0.011 -2"><span class='ocrx_word' id='word_1_1' title='bbox 84 548 109 574; x_wconf 80' lang='grc' dir='ltr'>Α</span> <span class='ocrx_word' id='word_1_2' title='bbox 127 547 268 575; x_wconf 70' lang='lat' dir='ltr'>mii-acle.</span> 
     </span>
    </p>
   </div>
   <div class='ocr_carea' id='block_1_2' title="bbox 312 142 1566 192">
    <p class='ocr_par' dir='ltr' id='par_1_2' title="bbox 312 142 1566 192">
     <span class='ocr_line' id='line_1_2' title="bbox 312 142 1566 192; baseline 0.002 -10"><span class='ocrx_word' id='word_1_3' title='bbox 312 143 396 183; x_wconf 81' lang='lat'>278</span> <span class='ocrx_word' id='word_1_4' title='bbox 674 143 724 184; x_wconf 85' lang='lat' dir='ltr'><em>H</em></span> <span class='ocrx_word' id='word_1_5' title='bbox 722 142 879 184; x_wconf 65' lang='lat' dir='ltr'>istoria</span> <span class='ocrx_word' id='word_1_6' title='bbox 911 142 1217 185; x_wconf 66' lang='lat' dir='ltr'>Ecclesiastica</span> <span class='ocrx_word' id='word_1_7' title='bbox 1406 151 1491 192; x_wconf 75' lang='lat' dir='ltr'>[Lm.</span> <span class='ocrx_word' id='word_1_8' title='bbox 1511 153 1566 184; x_wconf 89' lang='lat' dir='ltr'>1V.</span> 
     </span>
    </p>
   </div>
   <div class='ocr_carea' id='block_1_3' title="bbox 699 316 1226 371">
    <p class='ocr_par' dir='ltr' id='par_1_3' title="bbox 699 316 1226 371">
     <span class='ocr_line' id='line_1_3' title="bbox 699 316 1226 371; baseline 0.004 -15"><span class='ocrx_word' id='word_1_9' title='bbox 699 318 818 356; x_wconf 86' lang='lat' dir='ltr'><strong>CAP.</strong></span> <span class='ocrx_word' id='word_1_10' title='bbox 851 319 1000 357; x_wconf 82' lang='lat' dir='ltr'>XXIX</span> <span class='ocrx_word' id='word_1_11' title='bbox 1029 316 1226 371; x_wconf 67' lang='lat' dir='ltr'>[XXXI]</span> 
     </span>
    </p>
   </div>
   <div class='ocr_carea' id='block_1_4' title="bbox 481 425 1403 465">
    <p class='ocr_par' dir='ltr' id='par_1_4' title="bbox 481 425 1403 465">
     <span class='ocr_line' id='line_1_4' title="bbox 481 425 1403 465; baseline 0.002 -8"><span class='ocrx_word' id='word_1_12' title='bbox 481 429 516 457; x_wconf 76' lang='lat' dir='ltr'>Ur</span> <span class='ocrx_word' id='word_1_13' title='bbox 532 430 660 464; x_wconf 65' lang='lat' dir='ltr'>(siculam</span> <span class='ocrx_word' id='word_1_14' title='bbox 674 425 681 441; x_wconf 85' lang='lat'>¹</span> <span class='ocrx_word' id='word_1_15' title='bbox 698 429 739 457; x_wconf 77' lang='lat' dir='ltr'>ad</span> <span class='ocrx_word' id='word_1_16' title='bbox 759 430 895 457; x_wconf 74' lang='lat' dir='ltr'>tumbam</span> <span class='ocrx_word' id='word_1_17' title='bbox 911 430 978 457; x_wconf 73' lang='lat' dir='ltr'>eius</span> <span class='ocrx_word' id='word_1_18' title='bbox 994 431 1034 458; x_wconf 67' lang='lat' dir='ltr'>sit</span> <span class='ocrx_word' id='word_1_19' title='bbox 1050 439 1070 458; x_wconf 84' lang='grc' dir='ltr'>α</span> <span class='ocrx_word' id='word_1_20' title='bbox 1081 431 1224 465; x_wconf 73' lang='lat' dir='ltr'>paralysi</span> <span class='ocrx_word' id='word_1_21' title='bbox 1240 432 1371 459; x_wconf 71' lang='lat' dir='ltr'>sanatus</span> <span class='ocrx_word' id='word_1_22' title='bbox 1383 428 1403 459; x_wconf 80' lang='lat'>².</span> 
     </span>
    </p>
   </div>
   <div class='ocr_carea' id='block_1_5' title="bbox 312 533 1582 2286">
    <p class='ocr_par' dir='ltr' id='par_1_5' title="bbox 312 533 1582 2286">
     <span class='ocr_line' id='line_1_5' title="bbox 366 533 1569 584; baseline 0.002 -14"><span class='ocrx_word' id='word_1_23' title='bbox 366 533 483 571; x_wconf 76' lang='lat' dir='ltr'><strong>ERAT</strong></span> <span class='ocrx_word' id='word_1_24' title='bbox 511 534 554 571; x_wconf 86' lang='lat' dir='ltr'>in</span> <span class='ocrx_word' id='word_1_25' title='bbox 583 533 726 571; x_wconf 89' lang='lat' dir='ltr'>eodem</span> <span class='ocrx_word' id='word_1_26' title='bbox 755 534 1004 572; x_wconf 85' lang='lat' dir='ltr'>monasterio</span> <span class='ocrx_word' id='word_1_27' title='bbox 1038 535 1163 573; x_wconf 81' lang='lat' dir='ltr'>frater</span> <span class='ocrx_word' id='word_1_28' title='bbox 1189 535 1366 584; x_wconf 88' lang='lat' dir='ltr'>quidam,</span> <span class='ocrx_word' id='word_1_29' title='bbox 1400 536 1569 574; x_wconf 89' lang='lat' dir='ltr'>nomine</span> 
     </span>
     <span class='ocr_line' id='line_1_6' title="bbox 312 599 1569 649; baseline 0.002 -13"><span class='ocrx_word' id='word_1_30' title='bbox 312 599 573 647; x_wconf 76' lang='lat' dir='ltr'>Badudegn‘&#39;&#39;,</span> <span class='ocrx_word' id='word_1_31' title='bbox 607 602 791 648; x_wconf 87' lang='lat' dir='ltr'>tempore</span> <span class='ocrx_word' id='word_1_32' title='bbox 822 612 904 636; x_wconf 91' lang='lat' dir='ltr'>non</span> <span class='ocrx_word' id='word_1_33' title='bbox 943 613 1069 648; x_wconf 85' lang='lat' dir='ltr'>pauco</span> <span class='ocrx_word' id='word_1_34' title='bbox 1100 600 1310 649; x_wconf 86' lang='lat' dir='ltr'>hospitum</span> <span class='ocrx_word' id='word_1_35' title='bbox 1340 601 1569 639; x_wconf 86' lang='lat' dir='ltr'>ministerio</span> 
     </span>
     <span class='ocr_line' id='line_1_7' title="bbox 312 664 1570 714; baseline 0.001 -11"><span class='ocrx_word' id='word_1_36' title='bbox 312 664 556 712; x_wconf 90' lang='lat' dir='ltr'>deseruiens,</span> <span class='ocrx_word' id='word_1_37' title='bbox 601 664 671 713; x_wconf 89' lang='lat' dir='ltr'>qui</span> <span class='ocrx_word' id='word_1_38' title='bbox 718 678 828 702; x_wconf 88' lang='lat' dir='ltr'>nunc</span> <span class='ocrx_word' id='word_1_39' title='bbox 876 678 1004 714; x_wconf 87' lang='lat' dir='ltr'>usque</span> <span class='ocrx_word' id='word_1_40' title='bbox 1047 668 1242 714; x_wconf 90' lang='lat' dir='ltr'>superest,</span> <span class='ocrx_word' id='word_1_41' title='bbox 1285 666 1570 704; x_wconf 86' lang='lat' dir='ltr'>testimonium</span> 
     </span>
     <span class='ocr_line' id='line_1_8' title="bbox 312 729 1572 780; baseline 0.002 -13"><span class='ocrx_word' id='word_1_42' title='bbox 312 731 466 768; x_wconf 87' lang='lat' dir='ltr'>habens</span> <span class='ocrx_word' id='word_1_43' title='bbox 485 729 535 767; x_wconf 87' lang='lat' dir='ltr'>ab</span> <span class='ocrx_word' id='word_1_44' title='bbox 556 730 763 768; x_wconf 89' lang='lat' dir='ltr'>uniuersis</span> <span class='ocrx_word' id='word_1_45' title='bbox 783 730 988 778; x_wconf 81' lang='lat' dir='ltr'>fratribus,</span> <span class='ocrx_word' id='word_1_46' title='bbox 1018 731 1259 780; x_wconf 86' lang='lat' dir='ltr'>cunctisque</span> <span class='ocrx_word' id='word_1_47' title='bbox 1285 732 1572 780; x_wconf 87' lang='lat' dir='ltr'>superuenien-</span> 
     </span>
     <span class='ocr_line' id='line_1_9' title="bbox 313 795 1572 845; baseline 0 -11"><span class='ocrx_word' id='word_1_48' title='bbox 313 795 424 834; x_wconf 87' lang='lat' dir='ltr'>tibus</span> <span class='ocrx_word' id='word_1_49' title='bbox 463 795 702 843; x_wconf 72' lang='lat' dir='ltr'>hospitibus,</span> <span class='ocrx_word' id='word_1_50' title='bbox 746 796 854 844; x_wconf 89' lang='lat' dir='ltr'>quod</span> <span class='ocrx_word' id='word_1_51' title='bbox 894 796 958 833; x_wconf 91' lang='lat' dir='ltr'>uir</span> <span class='ocrx_word' id='word_1_52' title='bbox 992 798 1099 834; x_wconf 82' lang='lat' dir='ltr'>esset</span> <span class='ocrx_word' id='word_1_53' title='bbox 1131 796 1287 834; x_wconf 82' lang='lat' dir='ltr'>multae</span> <span class='ocrx_word' id='word_1_54' title='bbox 1325 796 1489 845; x_wconf 88' lang='lat' dir='ltr'>pietatis</span> <span class='ocrx_word' id='word_1_55' title='bbox 1527 809 1572 834; x_wconf 83' lang='lat' dir='ltr'>ac</span> 
     </span>
     <span class='ocr_line' id='line_1_10' title="bbox 314 860 1572 910; baseline 0.001 -12"><span class='ocrx_word' id='word_1_56' title='bbox 314 860 532 910; x_wconf 75' lang='lat' dir='ltr'>religionis,</span> <span class='ocrx_word' id='word_1_57' title='bbox 576 860 845 909; x_wconf 88' lang='lat' dir='ltr'>iniunctoque</span> <span class='ocrx_word' id='word_1_58' title='bbox 884 861 961 898; x_wconf 89' lang='lat' dir='ltr'>sibi</span> <span class='ocrx_word' id='word_1_59' title='bbox 1002 861 1132 899; x_wconf 88' lang='lat' dir='ltr'>officio</span> <span class='ocrx_word' id='word_1_60' title='bbox 1171 875 1370 910; x_wconf 80' lang='lat' dir='ltr'>supernae</span> <span class='ocrx_word' id='word_1_61' title='bbox 1406 864 1572 900; x_wconf 87' lang='lat' dir='ltr'>tantum</span> 
     </span>
     <span class='ocr_line' id='line_1_11' title="bbox 314 926 1574 976; baseline 0.001 -12"><span class='ocrx_word' id='word_1_62' title='bbox 314 926 513 964; x_wconf 81' lang='lat' dir='ltr'>mercedis</span> <span class='ocrx_word' id='word_1_63' title='bbox 532 927 661 975; x_wconf 82' lang='lat' dir='ltr'>gratia</span> <span class='ocrx_word' id='word_1_64' title='bbox 681 926 882 964; x_wconf 86' lang='lat' dir='ltr'>subditus.</span> <span class='ocrx_word' id='word_1_65' title='bbox 944 927 1023 964; x_wconf 88' lang='lat' dir='ltr'>Hic</span> <span class='ocrx_word' id='word_1_66' title='bbox 1048 940 1142 964; x_wconf 87' lang='lat' dir='ltr'>cum</span> <span class='ocrx_word' id='word_1_67' title='bbox 1168 928 1344 976; x_wconf 81' lang='lat' dir='ltr'>quadam</span> <span class='ocrx_word' id='word_1_68' title='bbox 1371 927 1436 965; x_wconf 92' lang='lat' dir='ltr'>die</span> <span class='ocrx_word' id='word_1_69' title='bbox 1459 927 1574 966; x_wconf 88' lang='lat' dir='ltr'>lenas</span> 
     </span>
     <span class='ocr_line' id='line_1_12' title="bbox 313 991 1568 1041; baseline 0.001 -12"><span class='ocrx_word' id='word_1_70' title='bbox 313 992 399 1030; x_wconf 86' lang='lat' dir='ltr'>siue</span> <span class='ocrx_word' id='word_1_71' title='bbox 415 1005 518 1041; x_wconf 81' lang='lat' dir='ltr'>saga,</span> <span class='ocrx_word' id='word_1_72' title='bbox 537 991 688 1040; x_wconf 86' lang='lat' dir='ltr'>quibus</span> <span class='ocrx_word' id='word_1_73' title='bbox 704 991 747 1029; x_wconf 90' lang='lat' dir='ltr'>in</span> <span class='ocrx_word' id='word_1_74' title='bbox 764 992 967 1041; x_wconf 82' lang='lat' dir='ltr'>hospitale</span> <span class='ocrx_word' id='word_1_75' title='bbox 983 993 1183 1040; x_wconf 85' lang='lat' dir='ltr'>utebatur,</span> <span class='ocrx_word' id='word_1_76' title='bbox 1204 992 1248 1030; x_wconf 85' lang='lat' dir='ltr'>in</span> <span class='ocrx_word' id='word_1_77' title='bbox 1264 992 1367 1030; x_wconf 89' lang='lat' dir='ltr'>mari</span> <span class='ocrx_word' id='word_1_78' title='bbox 1381 993 1568 1040; x_wconf 88' lang='lat' dir='ltr'>lauasset,</span> 
     </span>
     <span class='ocr_line' id='line_1_13' title="bbox 313 1058 1574 1106; baseline 0 -10"><span class='ocrx_word' id='word_1_79' title='bbox 313 1058 475 1096; x_wconf 85' lang='lat' dir='ltr'>rediens</span> <span class='ocrx_word' id='word_1_80' title='bbox 490 1058 670 1104; x_wconf 89' lang='lat' dir='ltr'>domum,</span> <span class='ocrx_word' id='word_1_81' title='bbox 691 1058 904 1106; x_wconf 85' lang='lat' dir='ltr'>repentina</span> <span class='ocrx_word' id='word_1_82' title='bbox 923 1058 1058 1096; x_wconf 90' lang='lat' dir='ltr'>medio</span> <span class='ocrx_word' id='word_1_83' title='bbox 1078 1058 1225 1095; x_wconf 85' lang='lat' dir='ltr'>itinere</span> <span class='ocrx_word' id='word_1_84' title='bbox 1240 1058 1428 1096; x_wconf 88' lang='lat' dir='ltr'>molestia</span> <span class='ocrx_word' id='word_1_85' title='bbox 1442 1060 1574 1096; x_wconf 88' lang='lat' dir='ltr'>tactus</span> 
     </span>
     <span class='ocr_line' id='line_1_14' title="bbox 315 1124 1574 1174; baseline 0.002 -13"><span class='ocrx_word' id='word_1_86' title='bbox 315 1129 387 1172; x_wconf 86' lang='lat' dir='ltr'>est,</span> <span class='ocrx_word' id='word_1_87' title='bbox 422 1124 477 1161; x_wconf 84' lang='lat' dir='ltr'>ita</span> <span class='ocrx_word' id='word_1_88' title='bbox 506 1126 552 1161; x_wconf 88' lang='lat' dir='ltr'>ut</span> <span class='ocrx_word' id='word_1_89' title='bbox 584 1137 778 1161; x_wconf 88' lang='lat' dir='ltr'>corruens</span> <span class='ocrx_word' id='word_1_90' title='bbox 808 1125 851 1161; x_wconf 93' lang='lat' dir='ltr'>in</span> <span class='ocrx_word' id='word_1_91' title='bbox 886 1126 1048 1171; x_wconf 82' lang='lat' dir='ltr'>terram,</span> <span class='ocrx_word' id='word_1_92' title='bbox 1078 1127 1118 1162; x_wconf 91' lang='lat' dir='ltr'>et</span> <span class='ocrx_word' id='word_1_93' title='bbox 1148 1125 1386 1174; x_wconf 84' lang='lat' dir='ltr'>aliquandiu</span> <span class='ocrx_word' id='word_1_94' title='bbox 1419 1138 1574 1174; x_wconf 88' lang='lat' dir='ltr'>pronus</span> 
     </span>
     <span class='ocr_line' id='line_1_15' title="bbox 315 1189 1574 1240; baseline 0.001 -13"><span class='ocrx_word' id='word_1_95' title='bbox 315 1190 460 1236; x_wconf 86' lang='lat' dir='ltr'>iacens,</span> <span class='ocrx_word' id='word_1_96' title='bbox 482 1189 550 1226; x_wconf 80' lang='lat' dir='ltr'>uix</span> <span class='ocrx_word' id='word_1_97' title='bbox 572 1190 740 1227; x_wconf 79' lang='lat' dir='ltr'>tandem</span> <span class='ocrx_word' id='word_1_98' title='bbox 756 1192 996 1239; x_wconf 79' lang='lat' dir='ltr'>resurgeret.</span> <span class='ocrx_word' id='word_1_99' title='bbox 1040 1191 1276 1240; x_wconf 83' lang='lat' dir='ltr'>Resurgens</span> <span class='ocrx_word' id='word_1_100' title='bbox 1291 1193 1429 1228; x_wconf 87' lang='lat' dir='ltr'>autem</span> <span class='ocrx_word' id='word_1_101' title='bbox 1445 1192 1574 1229; x_wconf 83' lang='lat' dir='ltr'>sensit</span> 
     </span>
     <span class='ocr_line' id='line_1_16' title="bbox 315 1254 1575 1306; baseline 0.001 -13"><span class='ocrx_word' id='word_1_102' title='bbox 315 1255 528 1293; x_wconf 74' lang='lat' dir='ltr'>dimidiam</span> <span class='ocrx_word' id='word_1_103' title='bbox 549 1254 726 1303; x_wconf 87' lang='lat' dir='ltr'>corporis</span> <span class='ocrx_word' id='word_1_104' title='bbox 751 1255 815 1293; x_wconf 92' lang='lat' dir='ltr'>sui</span> <span class='ocrx_word' id='word_1_105' title='bbox 838 1256 998 1304; x_wconf 86' lang='lat' dir='ltr'>partem</span> <span class='ocrx_word' id='word_1_106' title='bbox 1025 1269 1047 1293; x_wconf 92' lang='lat' dir='ltr'>a</span> <span class='ocrx_word' id='word_1_107' title='bbox 1074 1257 1204 1305; x_wconf 90' lang='lat' dir='ltr'>capite</span> <span class='ocrx_word' id='word_1_108' title='bbox 1231 1269 1359 1306; x_wconf 87' lang='lat' dir='ltr'>usque</span> <span class='ocrx_word' id='word_1_109' title='bbox 1381 1256 1430 1294; x_wconf 82' lang='lat' dir='ltr'>ad</span> <span class='ocrx_word' id='word_1_110' title='bbox 1451 1257 1575 1305; x_wconf 89' lang='lat' dir='ltr'>pedes</span> 
     </span>
     <span class='ocr_line' id='line_1_17' title="bbox 315 1320 1575 1370; baseline 0.002 -13"><span class='ocrx_word' id='word_1_111' title='bbox 315 1320 512 1370; x_wconf 74' lang='lat' dir='ltr'>paralysis</span> <span class='ocrx_word' id='word_1_112' title='bbox 551 1320 717 1369; x_wconf 83' lang='lat' dir='ltr'>langore</span> <span class='ocrx_word' id='word_1_113' title='bbox 755 1321 1000 1370; x_wconf 85' lang='lat' dir='ltr'>depressam,</span> <span class='ocrx_word' id='word_1_114' title='bbox 1037 1323 1077 1359; x_wconf 89' lang='lat' dir='ltr'>et</span> <span class='ocrx_word' id='word_1_115' title='bbox 1105 1321 1285 1359; x_wconf 79' lang='lat' dir='ltr'>maximo</span> <span class='ocrx_word' id='word_1_116' title='bbox 1315 1335 1409 1359; x_wconf 87' lang='lat' dir='ltr'>cum</span> <span class='ocrx_word' id='word_1_117' title='bbox 1438 1321 1575 1359; x_wconf 83' lang='lat' dir='ltr'>labore</span> 
     </span>
     <span class='ocr_line' id='line_1_18' title="bbox 317 1385 1574 1435; baseline 0 -11"><span class='ocrx_word' id='word_1_118' title='bbox 317 1385 461 1424; x_wconf 87' lang='lat' dir='ltr'>baculo</span> <span class='ocrx_word' id='word_1_119' title='bbox 491 1385 675 1423; x_wconf 85' lang='lat' dir='ltr'>innitens</span> <span class='ocrx_word' id='word_1_120' title='bbox 703 1385 873 1423; x_wconf 88' lang='lat' dir='ltr'>domum</span> <span class='ocrx_word' id='word_1_121' title='bbox 903 1387 1102 1435; x_wconf 88' lang='lat' dir='ltr'>peruenit.</span> <span class='ocrx_word' id='word_1_122' title='bbox 1164 1387 1377 1426; x_wconf 79' lang='lat' dir='ltr'>Crescebat</span> <span class='ocrx_word' id='word_1_123' title='bbox 1406 1386 1574 1424; x_wconf 84' lang='lat' dir='ltr'>morbus</span> 
     </span>
     <span class='ocr_line' id='line_1_19' title="bbox 316 1451 1569 1501; baseline 0.002 -13"><span class='ocrx_word' id='word_1_124' title='bbox 316 1451 526 1500; x_wconf 84' lang='lat' dir='ltr'>paulatim,</span> <span class='ocrx_word' id='word_1_125' title='bbox 559 1454 599 1489; x_wconf 89' lang='lat' dir='ltr'>et</span> <span class='ocrx_word' id='word_1_126' title='bbox 629 1453 747 1489; x_wconf 91' lang='lat' dir='ltr'>nocte</span> <span class='ocrx_word' id='word_1_127' title='bbox 776 1452 1090 1500; x_wconf 89' lang='lat' dir='ltr'>superueniente</span> <span class='ocrx_word' id='word_1_128' title='bbox 1117 1453 1277 1501; x_wconf 82' lang='lat' dir='ltr'>grauior</span> <span class='ocrx_word' id='word_1_129' title='bbox 1304 1453 1472 1490; x_wconf 87' lang='lat' dir='ltr'>effectus</span> <span class='ocrx_word' id='word_1_130' title='bbox 1498 1454 1569 1500; x_wconf 89' lang='lat' dir='ltr'>est,</span> 
     </span>
     <span class='ocr_line' id='line_1_20' title="bbox 317 1516 1573 1566; baseline 0.001 -13"><span class='ocrx_word' id='word_1_131' title='bbox 317 1516 373 1554; x_wconf 86' lang='lat' dir='ltr'>ita</span> <span class='ocrx_word' id='word_1_132' title='bbox 402 1518 447 1554; x_wconf 88' lang='lat' dir='ltr'>ut</span> <span class='ocrx_word' id='word_1_133' title='bbox 477 1516 542 1553; x_wconf 93' lang='lat' dir='ltr'>die</span> <span class='ocrx_word' id='word_1_134' title='bbox 571 1516 767 1553; x_wconf 85' lang='lat' dir='ltr'>redeunte</span> <span class='ocrx_word' id='word_1_135' title='bbox 796 1516 866 1554; x_wconf 83' lang='lat' dir='ltr'>uix</span> <span class='ocrx_word' id='word_1_136' title='bbox 896 1516 983 1565; x_wconf 90' lang='lat' dir='ltr'>ipse</span> <span class='ocrx_word' id='word_1_137' title='bbox 1008 1529 1080 1565; x_wconf 88' lang='lat' dir='ltr'>per</span> <span class='ocrx_word' id='word_1_138' title='bbox 1105 1530 1147 1554; x_wconf 88' lang='lat' dir='ltr'>se</span> <span class='ocrx_word' id='word_1_139' title='bbox 1176 1530 1391 1566; x_wconf 83' lang='lat' dir='ltr'>exsurgere</span> <span class='ocrx_word' id='word_1_140' title='bbox 1419 1518 1490 1554; x_wconf 87' lang='lat' dir='ltr'>aut</span> <span class='ocrx_word' id='word_1_141' title='bbox 1515 1516 1573 1554; x_wconf 89' lang='lat' dir='ltr'>in-</span> 
     </span>
     <span class='ocr_line' id='line_1_21' title="bbox 317 1581 1576 1631; baseline 0 -12"><span class='ocrx_word' id='word_1_142' title='bbox 317 1582 458 1620; x_wconf 81' lang='lat' dir='ltr'>cedere</span> <span class='ocrx_word' id='word_1_143' title='bbox 497 1581 662 1620; x_wconf 85' lang='lat' dir='ltr'>ualeret.</span> <span class='ocrx_word' id='word_1_144' title='bbox 725 1581 814 1630; x_wconf 76' lang='lat' dir='ltr'>Quo</span> <span class='ocrx_word' id='word_1_145' title='bbox 850 1582 1022 1620; x_wconf 86' lang='lat' dir='ltr'>affectus</span> <span class='ocrx_word' id='word_1_146' title='bbox 1059 1581 1332 1629; x_wconf 90' lang='lat' dir='ltr'>incommodo,</span> <span class='ocrx_word' id='word_1_147' title='bbox 1367 1582 1576 1631; x_wconf 69' lang='lat' dir='ltr'>concepit4</span> 
     </span>
     <span class='ocr_line' id='line_1_22' title="bbox 318 1647 1576 1697; baseline 0 -12"><span class='ocrx_word' id='word_1_148' title='bbox 318 1647 546 1685; x_wconf 85' lang='lat' dir='ltr'>utillimum</span> <span class='ocrx_word' id='word_1_149' title='bbox 576 1648 716 1685; x_wconf 87' lang='lat' dir='ltr'>mente</span> <span class='ocrx_word' id='word_1_150' title='bbox 748 1647 977 1695; x_wconf 89' lang='lat' dir='ltr'>consilium,</span> <span class='ocrx_word' id='word_1_151' title='bbox 1003 1648 1048 1685; x_wconf 88' lang='lat' dir='ltr'>ut</span> <span class='ocrx_word' id='word_1_152' title='bbox 1077 1647 1126 1685; x_wconf 87' lang='lat' dir='ltr'>ad</span> <span class='ocrx_word' id='word_1_153' title='bbox 1157 1647 1378 1695; x_wconf 80' lang='lat' dir='ltr'>ecelesiam,</span> <span class='ocrx_word' id='word_1_154' title='bbox 1412 1660 1576 1697; x_wconf 91' lang='lat' dir='ltr'>quoquo</span> 
     </span>
     <span class='ocr_line' id='line_1_23' title="bbox 319 1712 1577 1761; baseline 0.001 -12"><span class='ocrx_word' id='word_1_155' title='bbox 319 1713 443 1750; x_wconf 91' lang='lat' dir='ltr'>modo</span> <span class='ocrx_word' id='word_1_156' title='bbox 477 1713 624 1761; x_wconf 90' lang='lat' dir='ltr'>posset,</span> <span class='ocrx_word' id='word_1_157' title='bbox 658 1712 914 1761; x_wconf 52' lang='lat' dir='ltr'>pei-ueniens</span> <span class='ocrx_word' id='word_1_158' title='bbox 948 1712 1120 1750; x_wconf 72' lang='lat' dir='ltr'>intraret</span> <span class='ocrx_word' id='word_1_159' title='bbox 1157 1713 1206 1750; x_wconf 84' lang='lat' dir='ltr'>ad</span> <span class='ocrx_word' id='word_1_160' title='bbox 1247 1713 1434 1750; x_wconf 86' lang='lat' dir='ltr'>tumbam</span> <span class='ocrx_word' id='word_1_161' title='bbox 1462 1725 1577 1750; x_wconf 86' lang='lat' dir='ltr'>reue·</span> 
     </span>
     <span class='ocr_line' id='line_1_24' title="bbox 319 1778 1579 1827; baseline 0 -12"><span class='ocrx_word' id='word_1_162' title='bbox 319 1778 541 1816; x_wconf 89' lang='lat' dir='ltr'>rentissimi</span> <span class='ocrx_word' id='word_1_163' title='bbox 587 1779 715 1827; x_wconf 85' lang='lat' dir='ltr'>patris</span> <span class='ocrx_word' id='word_1_164' title='bbox 763 1778 1018 1825; x_wconf 69' lang='lat' dir='ltr'>Cudbercti5,</span> <span class='ocrx_word' id='word_1_165' title='bbox 1060 1778 1199 1827; x_wconf 86' lang='lat' dir='ltr'>ibique</span> <span class='ocrx_word' id='word_1_166' title='bbox 1245 1778 1416 1827; x_wconf 86' lang='lat' dir='ltr'>genibus</span> <span class='ocrx_word' id='word_1_167' title='bbox 1462 1778 1579 1816; x_wconf 86' lang='lat' dir='ltr'>flexis</span> 
     </span>
     <span class='ocr_line' id='line_1_25' title="bbox 319 1843 1578 1893; baseline -0.001 -11"><span class='ocrx_word' id='word_1_168' title='bbox 319 1844 491 1893; x_wconf 84' lang='lat' dir='ltr'>supplex</span> <span class='ocrx_word' id='word_1_169' title='bbox 512 1856 732 1892; x_wconf 82' lang='lat' dir='ltr'>supernam</span> <span class='ocrx_word' id='word_1_170' title='bbox 751 1843 948 1893; x_wconf 89' lang='lat' dir='ltr'>pietatem</span> <span class='ocrx_word' id='word_1_171' title='bbox 973 1846 1141 1893; x_wconf 80' lang='lat' dir='ltr'>rogaret,</span> <span class='ocrx_word' id='word_1_172' title='bbox 1167 1846 1212 1882; x_wconf 91' lang='lat' dir='ltr'>ut</span> <span class='ocrx_word' id='word_1_173' title='bbox 1232 1844 1300 1881; x_wconf 90' lang='lat' dir='ltr'>uel</span> <span class='ocrx_word' id='word_1_174' title='bbox 1320 1844 1370 1882; x_wconf 87' lang='lat' dir='ltr'>ab</span> <span class='ocrx_word' id='word_1_175' title='bbox 1390 1843 1578 1881; x_wconf 88' lang='lat' dir='ltr'>huiusce-</span> 
     </span>
     <span class='ocr_line' id='line_1_26' title="bbox 318 1909 1574 1958; baseline 0.001 -12"><span class='ocrx_word' id='word_1_176' title='bbox 318 1909 431 1947; x_wconf 83' lang='lat' dir='ltr'>modi</span> <span class='ocrx_word' id='word_1_177' title='bbox 452 1909 628 1958; x_wconf 82' lang='lat' dir='ltr'>langore,</span> <span class='ocrx_word' id='word_1_178' title='bbox 653 1909 688 1946; x_wconf 91' lang='lat' dir='ltr'>si</span> <span class='ocrx_word' id='word_1_179' title='bbox 717 1909 792 1946; x_wconf 90' lang='lat' dir='ltr'>hoc</span> <span class='ocrx_word' id='word_1_180' title='bbox 821 1909 899 1946; x_wconf 88' lang='lat' dir='ltr'>sibi</span> <span class='ocrx_word' id='word_1_181' title='bbox 929 1909 1029 1947; x_wconf 88' lang='lat' dir='ltr'>utile</span> <span class='ocrx_word' id='word_1_182' title='bbox 1059 1912 1174 1956; x_wconf 89' lang='lat' dir='ltr'>esset,</span> <span class='ocrx_word' id='word_1_183' title='bbox 1200 1909 1466 1957; x_wconf 81' lang='lat' dir='ltr'>liberaretur3</span> <span class='ocrx_word' id='word_1_184' title='bbox 1496 1909 1574 1956; x_wconf 91' lang='lat' dir='ltr'>uel,</span> 
     </span>
     <span class='ocr_line' id='line_1_27' title="bbox 320 1974 1580 2024; baseline -0.001 -11"><span class='ocrx_word' id='word_1_185' title='bbox 320 1976 353 2013; x_wconf 91' lang='lat' dir='ltr'>si</span> <span class='ocrx_word' id='word_1_186' title='bbox 382 1989 425 2013; x_wconf 87' lang='lat' dir='ltr'>se</span> <span class='ocrx_word' id='word_1_187' title='bbox 454 1975 526 2012; x_wconf 86' lang='lat' dir='ltr'>tali</span> <span class='ocrx_word' id='word_1_188' title='bbox 556 1974 745 2012; x_wconf 76' lang='lat' dir='ltr'>molestia</span> <span class='ocrx_word' id='word_1_189' title='bbox 774 1975 927 2012; x_wconf 85' lang='lat' dir='ltr'>diutius</span> <span class='ocrx_word' id='word_1_190' title='bbox 955 1975 1142 2024; x_wconf 82' lang='lat' dir='ltr'>castigari</span> <span class='ocrx_word' id='word_1_191' title='bbox 1170 1975 1310 2013; x_wconf 84' lang='lat' dir='ltr'>diuina</span> <span class='ocrx_word' id='word_1_192' title='bbox 1338 1975 1580 2024; x_wconf 88' lang='lat' dir='ltr'>prouidente</span> 
     </span>
     <span class='ocr_line' id='line_1_28' title="bbox 321 2040 1582 2091; baseline 0 -13"><span class='ocrx_word' id='word_1_193' title='bbox 321 2041 450 2091; x_wconf 82' lang='lat' dir='ltr'>gratia</span> <span class='ocrx_word' id='word_1_194' title='bbox 479 2042 693 2089; x_wconf 72' lang='lat' dir='ltr'>oporteret,</span> <span class='ocrx_word' id='word_1_195' title='bbox 727 2041 929 2089; x_wconf 83' lang='lat' dir='ltr'>patienter</span> <span class='ocrx_word' id='word_1_196' title='bbox 959 2041 1140 2078; x_wconf 89' lang='lat' dir='ltr'>dolorem</span> <span class='ocrx_word' id='word_1_197' title='bbox 1173 2054 1217 2078; x_wconf 81' lang='lat' dir='ltr'>ac</span> <span class='ocrx_word' id='word_1_198' title='bbox 1248 2040 1408 2089; x_wconf 84' lang='lat' dir='ltr'>placida</span> <span class='ocrx_word' id='word_1_199' title='bbox 1440 2042 1582 2078; x_wconf 86' lang='lat' dir='ltr'>mente</span> 
     </span>
     <span class='ocr_line' id='line_1_29' title="bbox 320 2105 1576 2155; baseline -0.001 -11"><span class='ocrx_word' id='word_1_200' title='bbox 320 2107 540 2145; x_wconf 82' lang='lat' dir='ltr'>sustineret</span> <span class='ocrx_word' id='word_1_201' title='bbox 560 2106 749 2144; x_wconf 88' lang='lat' dir='ltr'>inlatum.</span> <span class='ocrx_word' id='word_1_202' title='bbox 811 2106 922 2144; x_wconf 80' lang='lat' dir='ltr'>Fecit</span> <span class='ocrx_word' id='word_1_203' title='bbox 938 2106 1072 2155; x_wconf 83' lang='lat' dir='ltr'>igitur,</span> <span class='ocrx_word' id='word_1_204' title='bbox 1091 2108 1137 2143; x_wconf 88' lang='lat' dir='ltr'>ut</span> <span class='ocrx_word' id='word_1_205' title='bbox 1156 2106 1294 2143; x_wconf 86' lang='lat' dir='ltr'>animo</span> <span class='ocrx_word' id='word_1_206' title='bbox 1312 2105 1576 2154; x_wconf 84' lang='lat' dir='ltr'>disposuerat,</span> 
     </span>
     <span class='ocr_line' id='line_1_30' title="bbox 320 2171 1581 2210; baseline -0.001 0"><span class='ocrx_word' id='word_1_207' title='bbox 320 2175 363 2210; x_wconf 89' lang='lat' dir='ltr'>et</span> <span class='ocrx_word' id='word_1_208' title='bbox 392 2172 630 2210; x_wconf 75' lang='lat' dir='ltr'>inbecilles⁶</span> <span class='ocrx_word' id='word_1_209' title='bbox 663 2174 775 2210; x_wconf 85' lang='lat' dir='ltr'>artus</span> <span class='ocrx_word' id='word_1_210' title='bbox 809 2172 953 2210; x_wconf 80' lang='lat' dir='ltr'>baculo</span> <span class='ocrx_word' id='word_1_211' title='bbox 988 2173 1224 2209; x_wconf 85' lang='lat' dir='ltr'>sustentans</span> <span class='ocrx_word' id='word_1_212' title='bbox 1256 2171 1428 2209; x_wconf 83' lang='lat' dir='ltr'>intrauit</span> <span class='ocrx_word' id='word_1_213' title='bbox 1462 2171 1581 2209; x_wconf 86' lang='lat' dir='ltr'>eccle-</span> 
     </span>
     <span class='ocr_line' id='line_1_31' title="bbox 322 2237 1581 2286; baseline -0.001 -10"><span class='ocrx_word' id='word_1_214' title='bbox 322 2238 425 2276; x_wconf 84' lang='lat' dir='ltr'>siam</span> <span class='ocrx_word' id='word_1_215' title='bbox 445 2252 454 2285; x_wconf 85' lang='lat'>;</span> <span class='ocrx_word' id='word_1_216' title='bbox 485 2251 528 2275; x_wconf 83' lang='lat' dir='ltr'>ac</span> <span class='ocrx_word' id='word_1_217' title='bbox 548 2239 813 2286; x_wconf 84' lang='lat' dir='ltr'>prosternens</span> <span class='ocrx_word' id='word_1_218' title='bbox 839 2250 881 2274; x_wconf 86' lang='lat' dir='ltr'>se</span> <span class='ocrx_word' id='word_1_219' title='bbox 901 2238 951 2275; x_wconf 84' lang='lat' dir='ltr'>ad</span> <span class='ocrx_word' id='word_1_220' title='bbox 979 2250 1125 2286; x_wconf 86' lang='lat' dir='ltr'>corpus</span> <span class='ocrx_word' id='word_1_221' title='bbox 1152 2237 1231 2274; x_wconf 92' lang='lat' dir='ltr'>uiri</span> <span class='ocrx_word' id='word_1_222' title='bbox 1254 2237 1341 2284; x_wconf 90' lang='lat' dir='ltr'>Dei,</span> <span class='ocrx_word' id='word_1_223' title='bbox 1365 2237 1431 2286; x_wconf 90' lang='lat' dir='ltr'>pia</span> <span class='ocrx_word' id='word_1_224' title='bbox 1450 2237 1581 2275; x_wconf 87' lang='lat' dir='ltr'>inten-</span> 
     </span>
    </p>
   </div>
   <div class='ocr_carea' id='block_1_6' title="bbox 322 2347 1581 2595">
    <p class='ocr_par' dir='ltr' id='par_1_6' title="bbox 322 2347 1581 2595">
     <span class='ocr_line' id='line_1_32' title="bbox 367 2347 1581 2385; baseline 0 -7"><span class='ocrx_word' id='word_1_225' title='bbox 367 2348 375 2365; x_wconf 91' lang='lat'>¹</span> <span class='ocrx_word' id='word_1_226' title='bbox 400 2351 440 2378; x_wconf 75' lang='lat' dir='ltr'>In</span> <span class='ocrx_word' id='word_1_227' title='bbox 456 2351 502 2378; x_wconf 69' lang='lat' dir='ltr'>the</span> <span class='ocrx_word' id='word_1_228' title='bbox 525 2350 659 2384; x_wconf 67' lang='lat' dir='ltr'>capitula</span> <span class='ocrx_word' id='word_1_229' title='bbox 685 2348 719 2378; x_wconf 87' lang='lat' dir='ltr'>C.</span> <span class='ocrx_word' id='word_1_230' title='bbox 739 2348 793 2378; x_wconf 88' lang='lat' dir='ltr'>W.</span> <span class='ocrx_word' id='word_1_231' title='bbox 813 2348 851 2385; x_wconf 81' lang='lat' dir='ltr'>Ol</span> <span class='ocrx_word' id='word_1_232' title='bbox 864 2369 899 2383; x_wconf 64' lang='lat'>.⁵.</span> <span class='ocrx_word' id='word_1_233' title='bbox 919 2347 1010 2385; x_wconf 62' lang='lat' dir='ltr'><strong>O7-g.</strong></span> <span class='ocrx_word' id='word_1_234' title='bbox 1031 2347 1094 2385; x_wconf 72' lang='lat'>010.</span> <span class='ocrx_word' id='word_1_235' title='bbox 1113 2357 1222 2377; x_wconf 63' lang='lat' dir='ltr'>rei-erse</span> <span class='ocrx_word' id='word_1_236' title='bbox 1239 2349 1284 2377; x_wconf 74' lang='lat' dir='ltr'>the</span> <span class='ocrx_word' id='word_1_237' title='bbox 1300 2350 1384 2377; x_wconf 79' lang='lat' dir='ltr'>order</span> <span class='ocrx_word' id='word_1_238' title='bbox 1397 2349 1433 2384; x_wconf 85' lang='lat' dir='ltr'>of</span> <span class='ocrx_word' id='word_1_239' title='bbox 1443 2349 1501 2377; x_wconf 72' lang='lat' dir='ltr'>this</span> <span class='ocrx_word' id='word_1_240' title='bbox 1516 2351 1581 2378; x_wconf 78' lang='lat' dir='ltr'>(md</span> 
     </span>
     <span class='ocr_line' id='line_1_33' title="bbox 323 2399 1580 2439; baseline 0 -10"><span class='ocrx_word' id='word_1_241' title='bbox 323 2403 369 2430; x_wconf 75' lang='lat' dir='ltr'>the</span> <span class='ocrx_word' id='word_1_242' title='bbox 399 2404 468 2430; x_wconf 67' lang='lat' dir='ltr'>next</span> <span class='ocrx_word' id='word_1_243' title='bbox 497 2403 626 2439; x_wconf 71' lang='lat' dir='ltr'>chapter,</span> <span class='ocrx_word' id='word_1_244' title='bbox 652 2403 716 2429; x_wconf 72' lang='lat' dir='ltr'>ancl</span> <span class='ocrx_word' id='word_1_245' title='bbox 742 2402 946 2436; x_wconf 50' lang='lat' dir='ltr'>consequent&amp;</span> <span class='ocrx_word' id='word_1_246' title='bbox 967 2402 1040 2429; x_wconf 71' lang='lat' dir='ltr'>read</span> <span class='ocrx_word' id='word_1_247' title='bbox 1064 2399 1153 2429; x_wconf 78' lang='lat' dir='ltr'>alter</span> <span class='ocrx_word' id='word_1_248' title='bbox 1168 2401 1222 2436; x_wconf 73' lang='lat' dir='ltr'>for</span> <span class='ocrx_word' id='word_1_249' title='bbox 1244 2399 1390 2437; x_wconf 79' lang='lat' dir='ltr'>quidam</span> <span class='ocrx_word' id='word_1_250' title='bbox 1414 2401 1488 2439; x_wconf 71' lang='lat' dir='ltr'>here,</span> <span class='ocrx_word' id='word_1_251' title='bbox 1516 2402 1580 2429; x_wconf 81' lang='lat' dir='ltr'>aml</span> 
     </span>
     <span class='ocr_line' id='line_1_34' title="bbox 323 2452 1580 2491; baseline 0 -10"><span class='ocrx_word' id='word_1_252' title='bbox 323 2452 467 2491; x_wconf 82' lang='lat' dir='ltr'>quidam</span> <span class='ocrx_word' id='word_1_253' title='bbox 484 2454 537 2488; x_wconf 83' lang='lat' dir='ltr'>for</span> <span class='ocrx_word' id='word_1_254' title='bbox 553 2452 642 2482; x_wconf 78' lang='lat' dir='ltr'>alter</span> <span class='ocrx_word' id='word_1_255' title='bbox 659 2454 757 2485; x_wconf 64' lang='lat' dir='ltr'>{hev-05</span> <span class='ocrx_word' id='word_1_256' title='bbox 782 2454 832 2481; x_wconf 74' lang='lat' dir='ltr'>but</span> <span class='ocrx_word' id='word_1_257' title='bbox 850 2454 883 2482; x_wconf 79' lang='grc' dir='ltr'>ίη</span> <span class='ocrx_word' id='word_1_258' title='bbox 907 2454 952 2481; x_wconf 78' lang='lat' dir='ltr'>the</span> <span class='ocrx_word' id='word_1_259' title='bbox 975 2455 1033 2482; x_wconf 67' lang='lat' dir='ltr'>tert</span> <span class='ocrx_word' id='word_1_260' title='bbox 1055 2454 1100 2482; x_wconf 77' lang='lat' dir='ltr'>the</span> <span class='ocrx_word' id='word_1_261' title='bbox 1121 2454 1255 2487; x_wconf 71' lang='lat' dir='ltr'>Chapters</span> <span class='ocrx_word' id='word_1_262' title='bbox 1277 2461 1365 2481; x_wconf 72' lang='lat' dir='ltr'>occur</span> <span class='ocrx_word' id='word_1_263' title='bbox 1380 2454 1416 2481; x_wconf 74' lang='lat' dir='ltr'>in</span> <span class='ocrx_word' id='word_1_264' title='bbox 1434 2454 1480 2481; x_wconf 76' lang='lat' dir='ltr'>the</span> <span class='ocrx_word' id='word_1_265' title='bbox 1494 2454 1580 2481; x_wconf 78' lang='lat' dir='ltr'>order</span> 
     </span>
     <span class='ocr_line' id='line_1_35' title="bbox 323 2502 1576 2543; baseline 0.002 -11"><span class='ocrx_word' id='word_1_266' title='bbox 323 2507 388 2533; x_wconf 72' lang='lat' dir='ltr'>here</span> <span class='ocrx_word' id='word_1_267' title='bbox 402 2507 498 2541; x_wconf 71' lang='lat' dir='ltr'>yiven.</span> <span class='ocrx_word' id='word_1_268' title='bbox 570 2504 580 2519; x_wconf 72' lang='grc'>“”’</span> <span class='ocrx_word' id='word_1_269' title='bbox 597 2505 739 2534; x_wconf 84' lang='lat' dir='ltr'>curatus</span> <span class='ocrx_word' id='word_1_270' title='bbox 757 2504 792 2534; x_wconf 86' lang='lat' dir='ltr'>C.</span> <span class='ocrx_word' id='word_1_271' title='bbox 882 2502 893 2519; x_wconf 77' lang='lat'>³</span> <span class='ocrx_word' id='word_1_272' title='bbox 916 2503 1023 2543; x_wconf 86' lang='lat' dir='ltr'>-deng</span> <span class='ocrx_word' id='word_1_273' title='bbox 1039 2503 1069 2534; x_wconf 92' lang='lat' dir='ltr'>N</span> <span class='ocrx_word' id='word_1_274' title='bbox 1085 2513 1093 2541; x_wconf 88' lang='lat'>;</span> <span class='ocrx_word' id='word_1_275' title='bbox 1115 2504 1215 2542; x_wconf 65' lang='lat' dir='ltr'>-begn</span> <span class='ocrx_word' id='word_1_276' title='bbox 1234 2503 1297 2541; x_wconf 71' lang='lat'>13²3</span> <span class='ocrx_word' id='word_1_277' title='bbox 1322 2503 1524 2543; x_wconf 68' lang='lat' dir='ltr'>beadubegn</span> <span class='ocrx_word' id='word_1_278' title='bbox 1543 2503 1576 2534; x_wconf 88' lang='lat' dir='ltr'>C.</span> 
     </span>
     <span class='ocr_line' id='line_1_36' title="bbox 322 2555 1302 2595; baseline -0.001 -9"><span class='ocrx_word' id='word_1_279' title='bbox 322 2556 332 2573; x_wconf 71' lang='lat'>⁴</span> <span class='ocrx_word' id='word_1_280' title='bbox 359 2557 487 2595; x_wconf 86' lang='lat' dir='ltr'>—coepit</span> <span class='ocrx_word' id='word_1_281' title='bbox 505 2556 548 2586; x_wconf 91' lang='lat' dir='ltr'>M.</span> <span class='ocrx_word' id='word_1_282' title='bbox 566 2556 601 2586; x_wconf 90' lang='lat' dir='ltr'>C.</span> <span class='ocrx_word' id='word_1_283' title='bbox 737 2555 747 2573; x_wconf 84' lang='lat'>⁵</span> <span class='ocrx_word' id='word_1_284' title='bbox 770 2555 921 2586; x_wconf 87' lang='lat' dir='ltr'>-berchti</span> <span class='ocrx_word' id='word_1_285' title='bbox 938 2555 974 2586; x_wconf 86' lang='lat' dir='ltr'>C.</span> <span class='ocrx_word' id='word_1_286' title='bbox 1108 2555 1119 2573; x_wconf 79' lang='lat'><strong>⁶</strong></span> <span class='ocrx_word' id='word_1_287' title='bbox 1142 2555 1241 2585; x_wconf 86' lang='lat' dir='ltr'>—ciles</span> <span class='ocrx_word' id='word_1_288' title='bbox 1258 2555 1302 2585; x_wconf 92' lang='lat' dir='ltr'>M.</span> 
     </span>
    </p>
   </div>
   <div class='ocr_carea' id='block_1_7' title="bbox 1770 0 1793 546">
    <p class='ocr_par' dir='ltr' id='par_1_7' title="bbox 1770 0 1793 546">
     <span class='ocr_line' id='line_1_37' title="bbox 1770 0 1793 546; baseline 0 2341"><span class='ocrx_word' id='word_1_289' title='bbox 1770 0 1793 546; x_wconf 95' lang='lat' dir='ltr'> </span> 
     </span>
    </p>
   </div>
  </div>
 </body>
</html>
