<?xml version="1.0" encoding="UTF-8"?>
<!DOCTYPE html PUBLIC "-//W3C//DTD XHTML 1.0 Transitional//EN"
    "http://www.w3.org/TR/xhtml1/DTD/xhtml1-transitional.dtd">
<html xmlns="http://www.w3.org/1999/xhtml" xml:lang="en" lang="en">
 <head>
  <title>
</title>
<meta http-equiv="Content-Type" content="text/html;charset=utf-8" />
  <meta name='ocr-system' content='tesseract 3.04.00' />
  <meta name='ocr-capabilities' content='ocr_page ocr_carea ocr_par ocr_line ocrx_word'/>
</head>
<body>
  <div class='ocr_page' id='page_1' title='image "./venerabilisbaeda00bedeuoft_0324.png"; bbox 0 0 1803 2887; ppageno 0'>
   <div class='ocr_carea' id='block_1_1' title="bbox 44 921 208 1028">
    <p class='ocr_par' dir='ltr' id='par_1_1' title="bbox 44 921 208 1028">
     <span class='ocr_line' id='line_1_1' title="bbox 45 921 208 949; baseline 0 -1"><span class='ocrx_word' id='word_1_1' title='bbox 45 921 208 949; x_wconf 83' lang='lat' dir='ltr'>Constitu-</span> 
     </span>
     <span class='ocr_line' id='line_1_2' title="bbox 44 960 170 988; baseline -0.008 0"><span class='ocrx_word' id='word_1_2' title='bbox 44 961 116 988; x_wconf 85' lang='lat' dir='ltr'>tion</span> <span class='ocrx_word' id='word_1_3' title='bbox 134 960 170 987; x_wconf 87' lang='lat' dir='ltr'>of</span> 
     </span>
     <span class='ocr_line' id='line_1_3' title="bbox 46 1000 135 1028; baseline 0.011 -1"><span class='ocrx_word' id='word_1_4' title='bbox 46 1000 135 1028; x_wconf 79' lang='lat' dir='ltr'>Iona.</span> 
     </span>
    </p>
   </div>
   <div class='ocr_carea' id='block_1_2' title="bbox 52 2171 258 2355">
    <p class='ocr_par' dir='ltr' id='par_1_2' title="bbox 52 2171 258 2355">
     <span class='ocr_line' id='line_1_4' title="bbox 53 2171 258 2205; baseline -0.015 -7"><span class='ocrx_word' id='word_1_5' title='bbox 53 2171 174 2205; x_wconf 74' lang='lat' dir='ltr'>Egbert</span> <span class='ocrx_word' id='word_1_6' title='bbox 185 2177 258 2196; x_wconf 87' lang='lat' dir='ltr'>con-</span> 
     </span>
     <span class='ocr_line' id='line_1_5' title="bbox 52 2208 210 2237; baseline -0.006 0"><span class='ocrx_word' id='word_1_7' title='bbox 52 2212 140 2237; x_wconf 76' lang='lat' dir='ltr'>verts</span> <span class='ocrx_word' id='word_1_8' title='bbox 154 2208 210 2236; x_wconf 81' lang='lat' dir='ltr'>the</span> 
     </span>
     <span class='ocr_line' id='line_1_6' title="bbox 52 2249 219 2276; baseline -0.006 0"><span class='ocrx_word' id='word_1_9' title='bbox 52 2249 170 2276; x_wconf 81' lang='lat' dir='ltr'>monks</span> <span class='ocrx_word' id='word_1_10' title='bbox 184 2250 219 2275; x_wconf 84' lang='lat' dir='ltr'>to</span> 
     </span>
     <span class='ocr_line' id='line_1_7' title="bbox 53 2289 199 2316; baseline -0.007 -1"><span class='ocrx_word' id='word_1_11' title='bbox 53 2289 109 2316; x_wconf 79' lang='lat' dir='ltr'>the</span> <span class='ocrx_word' id='word_1_12' title='bbox 124 2290 199 2315; x_wconf 78' lang='lat' dir='ltr'>true</span> 
     </span>
     <span class='ocr_line' id='line_1_8' title="bbox 54 2328 177 2355; baseline -0.008 0"><span class='ocrx_word' id='word_1_13' title='bbox 54 2328 177 2355; x_wconf 81' lang='lat' dir='ltr'>Easter.</span> 
     </span>
    </p>
   </div>
   <div class='ocr_carea' id='block_1_3' title="bbox 267 153 1522 202">
    <p class='ocr_par' dir='ltr' id='par_1_3' title="bbox 267 153 1522 202">
     <span class='ocr_line' id='line_1_9' title="bbox 267 153 1522 202; baseline 0 -8"><span class='ocrx_word' id='word_1_14' title='bbox 267 155 350 194; x_wconf 80' lang='lat'>134</span> <span class='ocrx_word' id='word_1_15' title='bbox 624 154 675 194; x_wconf 89' lang='lat' dir='ltr'><em>H</em></span> <span class='ocrx_word' id='word_1_16' title='bbox 677 154 831 195; x_wconf 67' lang='lat' dir='ltr'>istoria</span> <span class='ocrx_word' id='word_1_17' title='bbox 863 153 1167 195; x_wconf 72' lang='lat' dir='ltr'>Ecclesictstica</span> <span class='ocrx_word' id='word_1_18' title='bbox 1361 161 1444 202; x_wconf 78' lang='lat' dir='ltr'>[Lm.</span> <span class='ocrx_word' id='word_1_19' title='bbox 1462 163 1522 194; x_wconf 86' lang='lat'>111.</span> 
     </span>
    </p>
   </div>
   <div class='ocr_carea' id='block_1_4' title="bbox 266 264 1670 2408">
    <p class='ocr_par' dir='ltr' id='par_1_4' title="bbox 266 264 1531 902">
     <span class='ocr_line' id='line_1_10' title="bbox 266 264 1523 315; baseline -0.002 -11"><span class='ocrx_word' id='word_1_20' title='bbox 266 268 370 304; x_wconf 85' lang='lat' dir='ltr'>esset</span> <span class='ocrx_word' id='word_1_21' title='bbox 391 279 593 303; x_wconf 90' lang='lat' dir='ltr'>annorum</span> <span class='ocrx_word' id='word_1_22' title='bbox 619 264 855 314; x_wconf 73' lang='lat' dir='ltr'>LXXVIF,</span> <span class='ocrx_word' id='word_1_23' title='bbox 881 268 973 315; x_wconf 84' lang='lat' dir='ltr'>post</span> <span class='ocrx_word' id='word_1_24' title='bbox 999 280 1127 304; x_wconf 86' lang='lat' dir='ltr'>annos</span> <span class='ocrx_word' id='word_1_25' title='bbox 1153 266 1312 304; x_wconf 87' lang='lat' dir='ltr'>circiter</span> <span class='ocrx_word' id='word_1_26' title='bbox 1338 266 1462 304; x_wconf 89' lang='lat' dir='ltr'>XXX</span> <span class='ocrx_word' id='word_1_27' title='bbox 1483 267 1523 303; x_wconf 90' lang='lat' dir='ltr'>et</span> 
     </span>
     <span class='ocr_line' id='line_1_11' title="bbox 267 330 1518 380; baseline 0 -12"><span class='ocrx_word' id='word_1_28' title='bbox 267 332 369 369; x_wconf 87' lang='lat' dir='ltr'>duos</span> <span class='ocrx_word' id='word_1_29' title='bbox 381 330 405 379; x_wconf 74' lang='lat'>²,</span> <span class='ocrx_word' id='word_1_30' title='bbox 448 345 497 368; x_wconf 77' lang='lat' dir='ltr'>ex</span> <span class='ocrx_word' id='word_1_31' title='bbox 535 345 614 380; x_wconf 86' lang='lat' dir='ltr'>quo</span> <span class='ocrx_word' id='word_1_32' title='bbox 653 331 740 380; x_wconf 88' lang='lat' dir='ltr'>ipse</span> <span class='ocrx_word' id='word_1_33' title='bbox 780 332 1030 369; x_wconf 76' lang='lat' dir='ltr'>Brittaniam</span> <span class='ocrx_word' id='word_1_34' title='bbox 1068 332 1375 380; x_wconf 77' lang='lat' dir='ltr'>praedicaturus</span> <span class='ocrx_word' id='word_1_35' title='bbox 1407 331 1518 369; x_wconf 88' lang='lat' dir='ltr'>adiit.</span> 
     </span>
     <span class='ocr_line' id='line_1_12' title="bbox 268 397 1525 445; baseline 0 -12"><span class='ocrx_word' id='word_1_36' title='bbox 268 397 435 434; x_wconf 85' lang='lat' dir='ltr'>Fecerat</span> <span class='ocrx_word' id='word_1_37' title='bbox 455 398 605 443; x_wconf 83' lang='lat' dir='ltr'>autem,</span> <span class='ocrx_word' id='word_1_38' title='bbox 630 397 869 445; x_wconf 77' lang='lat' dir='ltr'>priusquam</span> <span class='ocrx_word' id='word_1_39' title='bbox 894 397 1146 435; x_wconf 72' lang='lat' dir='ltr'>Brittaniam</span> <span class='ocrx_word' id='word_1_40' title='bbox 1170 397 1342 443; x_wconf 88' lang='lat' dir='ltr'>ueniret⁷</span> <span class='ocrx_word' id='word_1_41' title='bbox 1366 408 1525 434; x_wconf 88' lang='lat' dir='ltr'>monas-</span> 
     </span>
     <span class='ocr_line' id='line_1_13' title="bbox 267 461 1525 511; baseline 0 -13"><span class='ocrx_word' id='word_1_42' title='bbox 267 461 420 499; x_wconf 90' lang='lat' dir='ltr'>terium</span> <span class='ocrx_word' id='word_1_43' title='bbox 454 462 592 499; x_wconf 89' lang='lat' dir='ltr'>nobile</span> <span class='ocrx_word' id='word_1_44' title='bbox 630 461 674 498; x_wconf 90' lang='lat' dir='ltr'>in</span> <span class='ocrx_word' id='word_1_45' title='bbox 713 461 926 509; x_wconf 77' lang='lat' dir='ltr'>Hibernia,</span> <span class='ocrx_word' id='word_1_46' title='bbox 971 462 1079 510; x_wconf 88' lang='lat' dir='ltr'>quod</span> <span class='ocrx_word' id='word_1_47' title='bbox 1117 475 1140 499; x_wconf 90' lang='lat' dir='ltr'>a</span> <span class='ocrx_word' id='word_1_48' title='bbox 1178 462 1293 511; x_wconf 86' lang='lat' dir='ltr'>copia</span> <span class='ocrx_word' id='word_1_49' title='bbox 1330 462 1525 499; x_wconf 87' lang='lat' dir='ltr'>roborum</span> 
     </span>
     <span class='ocr_line' id='line_1_14' title="bbox 268 526 1521 576; baseline -0.002 -12"><span class='ocrx_word' id='word_1_50' title='bbox 268 527 496 564; x_wconf 85' lang='lat' dir='ltr'>Dearmach</span> <span class='ocrx_word' id='word_1_51' title='bbox 512 527 524 545; x_wconf 74' lang='lat'><strong>3</strong></span> <span class='ocrx_word' id='word_1_52' title='bbox 544 526 687 576; x_wconf 83' lang='lat' dir='ltr'>lingua</span> <span class='ocrx_word' id='word_1_53' title='bbox 703 527 945 575; x_wconf 77' lang='lat' dir='ltr'>Scottorum,</span> <span class='ocrx_word' id='word_1_54' title='bbox 966 527 1042 564; x_wconf 88' lang='lat' dir='ltr'>hoc</span> <span class='ocrx_word' id='word_1_55' title='bbox 1059 530 1120 565; x_wconf 89' lang='lat' dir='ltr'>est</span> <span class='ocrx_word' id='word_1_56' title='bbox 1136 540 1302 576; x_wconf 88' lang='lat' dir='ltr'>campus</span> <span class='ocrx_word' id='word_1_57' title='bbox 1315 527 1521 573; x_wconf 89' lang='lat' dir='ltr'>roborum,</span> 
     </span>
     <span class='ocr_line' id='line_1_15' title="bbox 269 591 1529 642; baseline -0.001 -13"><span class='ocrx_word' id='word_1_58' title='bbox 269 592 593 641; x_wconf 79' lang='lat' dir='ltr'>cognominatur.</span> <span class='ocrx_word' id='word_1_59' title='bbox 657 592 720 629; x_wconf 77' lang='lat' dir='ltr'>Ex</span> <span class='ocrx_word' id='word_1_60' title='bbox 751 606 831 641; x_wconf 86' lang='lat' dir='ltr'>quo</span> <span class='ocrx_word' id='word_1_61' title='bbox 863 596 1039 642; x_wconf 84' lang='lat' dir='ltr'>utroque</span> <span class='ocrx_word' id='word_1_62' title='bbox 1069 593 1316 631; x_wconf 85' lang='lat' dir='ltr'>monasterio</span> <span class='ocrx_word' id='word_1_63' title='bbox 1349 591 1529 641; x_wconf 79' lang='lat' dir='ltr'>plurima</span> 
     </span>
     <span class='ocr_line' id='line_1_16' title="bbox 269 656 1529 707; baseline -0.001 -13"><span class='ocrx_word' id='word_1_64' title='bbox 269 657 416 695; x_wconf 77' lang='lat' dir='ltr'>exinde</span> <span class='ocrx_word' id='word_1_65' title='bbox 445 657 693 694; x_wconf 85' lang='lat' dir='ltr'>monasteria</span> <span class='ocrx_word' id='word_1_66' title='bbox 716 671 788 706; x_wconf 84' lang='lat' dir='ltr'>per</span> <span class='ocrx_word' id='word_1_67' title='bbox 816 658 1038 707; x_wconf 84' lang='lat' dir='ltr'>discipulos</span> <span class='ocrx_word' id='word_1_68' title='bbox 1067 658 1154 696; x_wconf 89' lang='lat' dir='ltr'>eius</span> <span class='ocrx_word' id='word_1_69' title='bbox 1183 661 1222 696; x_wconf 87' lang='lat' dir='ltr'>et</span> <span class='ocrx_word' id='word_1_70' title='bbox 1249 658 1293 695; x_wconf 91' lang='lat' dir='ltr'>in</span> <span class='ocrx_word' id='word_1_71' title='bbox 1323 656 1529 694; x_wconf 83' lang='lat' dir='ltr'>Brittania</span> 
     </span>
     <span class='ocr_line' id='line_1_17' title="bbox 270 721 1531 772; baseline -0.001 -13"><span class='ocrx_word' id='word_1_72' title='bbox 270 725 309 760; x_wconf 93' lang='lat' dir='ltr'>et</span> <span class='ocrx_word' id='word_1_73' title='bbox 347 722 391 759; x_wconf 94' lang='lat' dir='ltr'>in</span> <span class='ocrx_word' id='word_1_74' title='bbox 426 722 628 760; x_wconf 81' lang='lat' dir='ltr'>Hibernia</span> <span class='ocrx_word' id='word_1_75' title='bbox 667 725 887 772; x_wconf 80' lang='lat' dir='ltr'>propagata</span> <span class='ocrx_word' id='word_1_76' title='bbox 925 726 1034 771; x_wconf 85' lang='lat' dir='ltr'>sunt,</span> <span class='ocrx_word' id='word_1_77' title='bbox 1072 723 1117 761; x_wconf 91' lang='lat' dir='ltr'>in</span> <span class='ocrx_word' id='word_1_78' title='bbox 1153 723 1304 772; x_wconf 85' lang='lat' dir='ltr'>quibus</span> <span class='ocrx_word' id='word_1_79' title='bbox 1337 721 1531 760; x_wconf 88' lang='lat' dir='ltr'>omnibus</span> 
     </span>
     <span class='ocr_line' id='line_1_18' title="bbox 271 786 1529 837; baseline 0 -13"><span class='ocrx_word' id='word_1_80' title='bbox 271 788 381 825; x_wconf 87' lang='lat' dir='ltr'>idem</span> <span class='ocrx_word' id='word_1_81' title='bbox 410 787 708 825; x_wconf 82' lang='lat' dir='ltr'>monasterium</span> <span class='ocrx_word' id='word_1_82' title='bbox 738 788 990 836; x_wconf 80' lang='lat' dir='ltr'>insulanum,</span> <span class='ocrx_word' id='word_1_83' title='bbox 1015 789 1060 826; x_wconf 90' lang='lat' dir='ltr'>in</span> <span class='ocrx_word' id='word_1_84' title='bbox 1089 803 1170 837; x_wconf 83' lang='lat' dir='ltr'>quo</span> <span class='ocrx_word' id='word_1_85' title='bbox 1199 789 1285 837; x_wconf 90' lang='lat' dir='ltr'>ipse</span> <span class='ocrx_word' id='word_1_86' title='bbox 1312 786 1529 836; x_wconf 86' lang='lat' dir='ltr'>requiescit</span> 
     </span>
     <span class='ocr_line' id='line_1_19' title="bbox 271 853 939 902; baseline 0 -11"><span class='ocrx_word' id='word_1_87' title='bbox 271 866 444 902; x_wconf 78' lang='lat' dir='ltr'>corpore⁷</span> <span class='ocrx_word' id='word_1_88' title='bbox 469 853 745 902; x_wconf 86' lang='lat' dir='ltr'>principatum</span> <span class='ocrx_word' id='word_1_89' title='bbox 770 856 939 892; x_wconf 86' lang='lat' dir='ltr'>teneret.</span> 
     </span>
    </p>

    <p class='ocr_par' dir='ltr' id='par_1_5' title="bbox 272 918 1670 2145">
     <span class='ocr_line' id='line_1_20' title="bbox 326 918 1531 967; baseline -0.001 -12"><span class='ocrx_word' id='word_1_90' title='bbox 326 918 489 956; x_wconf 88' lang='lat' dir='ltr'>Habere</span> <span class='ocrx_word' id='word_1_91' title='bbox 528 920 666 955; x_wconf 88' lang='lat' dir='ltr'>autem</span> <span class='ocrx_word' id='word_1_92' title='bbox 701 919 802 956; x_wconf 87' lang='lat' dir='ltr'>solet</span> <span class='ocrx_word' id='word_1_93' title='bbox 841 919 929 967; x_wconf 85' lang='lat' dir='ltr'>ipsa</span> <span class='ocrx_word' id='word_1_94' title='bbox 959 919 1096 957; x_wconf 85' lang='lat' dir='ltr'>insula</span> <span class='ocrx_word' id='word_1_95' title='bbox 1134 921 1331 957; x_wconf 88' lang='lat' dir='ltr'>rectorem</span> <span class='ocrx_word' id='word_1_96' title='bbox 1370 930 1531 966; x_wconf 88' lang='lat' dir='ltr'>semper</span> 
     </span>
     <span class='ocr_line' id='line_1_21' title="bbox 272 983 1524 1033; baseline -0.002 -12"><span class='ocrx_word' id='word_1_97' title='bbox 272 984 459 1021; x_wconf 82' lang='lat' dir='ltr'>abbatem</span> <span class='ocrx_word' id='word_1_98' title='bbox 486 984 784 1033; x_wconf 75' lang='lat' dir='ltr'>presbyterum,</span> <span class='ocrx_word' id='word_1_99' title='bbox 811 985 926 1022; x_wconf 86' lang='lat' dir='ltr'>cuius</span> <span class='ocrx_word' id='word_1_100' title='bbox 955 986 1034 1022; x_wconf 89' lang='lat' dir='ltr'>iuri</span> <span class='ocrx_word' id='word_1_101' title='bbox 1065 987 1105 1023; x_wconf 91' lang='lat' dir='ltr'>et</span> <span class='ocrx_word' id='word_1_102' title='bbox 1135 985 1271 1022; x_wconf 89' lang='lat' dir='ltr'>omnis</span> <span class='ocrx_word' id='word_1_103' title='bbox 1299 983 1524 1033; x_wconf 87' lang='lat' dir='ltr'>prouincia,</span> 
     </span>
     <span class='ocr_line' id='line_1_22' title="bbox 273 1049 1531 1098; baseline -0.001 -12"><span class='ocrx_word' id='word_1_104' title='bbox 273 1049 424 1098; x_wconf 48' lang='lat' dir='ltr'>et‘ipsi</span> <span class='ocrx_word' id='word_1_105' title='bbox 463 1049 587 1087; x_wconf 88' lang='lat' dir='ltr'>etiam</span> <span class='ocrx_word' id='word_1_106' title='bbox 620 1049 797 1098; x_wconf 83' lang='lat' dir='ltr'>episcopi</span> <span class='ocrx_word' id='word_1_107' title='bbox 831 1051 973 1088; x_wconf 91' lang='lat' dir='ltr'>ordine</span> <span class='ocrx_word' id='word_1_108' title='bbox 1009 1051 1206 1088; x_wconf 86' lang='lat' dir='ltr'>inusitato</span> <span class='ocrx_word' id='word_1_109' title='bbox 1242 1050 1415 1087; x_wconf 80' lang='lat' dir='ltr'>debeant</span> <span class='ocrx_word' id='word_1_110' title='bbox 1443 1061 1531 1085; x_wconf 87' lang='lat' dir='ltr'>esse</span> 
     </span>
     <span class='ocr_line' id='line_1_23' title="bbox 272 1113 1531 1164; baseline -0.001 -12"><span class='ocrx_word' id='word_1_111' title='bbox 272 1115 455 1163; x_wconf 84' lang='lat' dir='ltr'>subiecti,</span> <span class='ocrx_word' id='word_1_112' title='bbox 493 1115 606 1152; x_wconf 77' lang='lat' dir='ltr'>iuxta</span> <span class='ocrx_word' id='word_1_113' title='bbox 645 1116 883 1164; x_wconf 75' lang='lat' dir='ltr'>exemplum</span> <span class='ocrx_word' id='word_1_114' title='bbox 921 1116 1045 1164; x_wconf 88' lang='lat' dir='ltr'>primi</span> <span class='ocrx_word' id='word_1_115' title='bbox 1084 1115 1260 1153; x_wconf 88' lang='lat' dir='ltr'>doctoris</span> <span class='ocrx_word' id='word_1_116' title='bbox 1293 1114 1418 1161; x_wconf 89' lang='lat' dir='ltr'>illius,</span> <span class='ocrx_word' id='word_1_117' title='bbox 1461 1113 1531 1162; x_wconf 89' lang='lat' dir='ltr'>qui</span> 
     </span>
     <span class='ocr_line' id='line_1_24' title="bbox 273 1180 1531 1230; baseline -0.001 -12"><span class='ocrx_word' id='word_1_118' title='bbox 273 1194 358 1218; x_wconf 92' lang='lat' dir='ltr'>non</span> <span class='ocrx_word' id='word_1_119' title='bbox 397 1181 619 1229; x_wconf 83' lang='lat' dir='ltr'>episcopus,</span> <span class='ocrx_word' id='word_1_120' title='bbox 664 1181 733 1218; x_wconf 88' lang='lat' dir='ltr'>sed</span> <span class='ocrx_word' id='word_1_121' title='bbox 772 1182 987 1230; x_wconf 78' lang='lat' dir='ltr'>presbyter</span> <span class='ocrx_word' id='word_1_122' title='bbox 1026 1181 1162 1219; x_wconf 81' lang='lat' dir='ltr'>extitit</span> <span class='ocrx_word' id='word_1_123' title='bbox 1202 1184 1241 1219; x_wconf 85' lang='lat' dir='ltr'>et</span> <span class='ocrx_word' id='word_1_124' title='bbox 1279 1180 1531 1227; x_wconf 84' lang='lat' dir='ltr'>monachus3</span> 
     </span>
     <span class='ocr_line' id='line_1_25' title="bbox 275 1245 1533 1295; baseline -0.001 -12"><span class='ocrx_word' id='word_1_125' title='bbox 275 1246 324 1283; x_wconf 91' lang='lat' dir='ltr'>de</span> <span class='ocrx_word' id='word_1_126' title='bbox 344 1246 458 1284; x_wconf 83' lang='lat' dir='ltr'>cuius</span> <span class='ocrx_word' id='word_1_127' title='bbox 478 1246 564 1283; x_wconf 88' lang='lat' dir='ltr'>uita</span> <span class='ocrx_word' id='word_1_128' title='bbox 588 1248 628 1283; x_wconf 88' lang='lat' dir='ltr'>et</span> <span class='ocrx_word' id='word_1_129' title='bbox 649 1246 785 1283; x_wconf 87' lang='lat' dir='ltr'>uerbis</span> <span class='ocrx_word' id='word_1_130' title='bbox 804 1247 1005 1284; x_wconf 89' lang='lat' dir='ltr'>nonnulla</span> <span class='ocrx_word' id='word_1_131' title='bbox 1024 1260 1046 1284; x_wconf 88' lang='lat' dir='ltr'>a</span> <span class='ocrx_word' id='word_1_132' title='bbox 1063 1246 1274 1295; x_wconf 74' lang='lat' dir='ltr'>discipulis</span> <span class='ocrx_word' id='word_1_133' title='bbox 1294 1246 1381 1283; x_wconf 88' lang='lat' dir='ltr'>eius</span> <span class='ocrx_word' id='word_1_134' title='bbox 1400 1245 1533 1283; x_wconf 87' lang='lat' dir='ltr'>ferun·</span> 
     </span>
     <span class='ocr_line' id='line_1_26' title="bbox 273 1311 1529 1361; baseline -0.001 -13"><span class='ocrx_word' id='word_1_135' title='bbox 273 1314 341 1349; x_wconf 90' lang='lat' dir='ltr'>tur</span> <span class='ocrx_word' id='word_1_136' title='bbox 370 1312 519 1360; x_wconf 84' lang='lat' dir='ltr'>scripta</span> <span class='ocrx_word' id='word_1_137' title='bbox 547 1311 699 1349; x_wconf 86' lang='lat' dir='ltr'>haberi.</span> <span class='ocrx_word' id='word_1_138' title='bbox 763 1311 919 1349; x_wconf 82' lang='lat' dir='ltr'>Uerum</span> <span class='ocrx_word' id='word_1_139' title='bbox 950 1312 1261 1361; x_wconf 83' lang='lat' dir='ltr'>qualiscumque</span> <span class='ocrx_word' id='word_1_140' title='bbox 1289 1311 1411 1348; x_wconf 84' lang='lat' dir='ltr'>fuerit</span> <span class='ocrx_word' id='word_1_141' title='bbox 1431 1311 1529 1359; x_wconf 88' lang='lat' dir='ltr'>ipse,</span> 
     </span>
     <span class='ocr_line' id='line_1_27' title="bbox 273 1376 1536 1426; baseline -0.001 -12"><span class='ocrx_word' id='word_1_142' title='bbox 273 1390 348 1414; x_wconf 89' lang='lat' dir='ltr'>nos</span> <span class='ocrx_word' id='word_1_143' title='bbox 376 1377 452 1415; x_wconf 89' lang='lat' dir='ltr'>hoc</span> <span class='ocrx_word' id='word_1_144' title='bbox 483 1377 532 1414; x_wconf 92' lang='lat' dir='ltr'>de</span> <span class='ocrx_word' id='word_1_145' title='bbox 561 1376 631 1413; x_wconf 89' lang='lat' dir='ltr'>illo</span> <span class='ocrx_word' id='word_1_146' title='bbox 661 1379 818 1414; x_wconf 88' lang='lat' dir='ltr'>certum</span> <span class='ocrx_word' id='word_1_147' title='bbox 847 1379 1049 1415; x_wconf 86' lang='lat' dir='ltr'>tenemus.</span> <span class='ocrx_word' id='word_1_148' title='bbox 1072 1378 1165 1426; x_wconf 85' lang='lat' dir='ltr'>quia</span> <span class='ocrx_word' id='word_1_149' title='bbox 1194 1376 1360 1425; x_wconf 86' lang='lat' dir='ltr'>reliquit</span> <span class='ocrx_word' id='word_1_150' title='bbox 1384 1389 1536 1413; x_wconf 86' lang='lat' dir='ltr'>succes-</span> 
     </span>
     <span class='ocr_line' id='line_1_28' title="bbox 275 1441 1535 1491; baseline -0.001 -12"><span class='ocrx_word' id='word_1_151' title='bbox 275 1456 383 1480; x_wconf 86' lang='lat' dir='ltr'>sores</span> <span class='ocrx_word' id='word_1_152' title='bbox 403 1455 553 1491; x_wconf 83' lang='lat' dir='ltr'>inagna</span> <span class='ocrx_word' id='word_1_153' title='bbox 573 1442 850 1480; x_wconf 76' lang='lat' dir='ltr'>continentia4</span> <span class='ocrx_word' id='word_1_154' title='bbox 880 1456 925 1480; x_wconf 90' lang='lat' dir='ltr'>ac</span> <span class='ocrx_word' id='word_1_155' title='bbox 949 1442 1090 1480; x_wconf 91' lang='lat' dir='ltr'>diuino</span> <span class='ocrx_word' id='word_1_156' title='bbox 1115 1456 1254 1480; x_wconf 85' lang='lat' dir='ltr'>amore</span> <span class='ocrx_word' id='word_1_157' title='bbox 1279 1441 1535 1490; x_wconf 84' lang='lat' dir='ltr'>regularique</span> 
     </span>
     <span class='ocr_line' id='line_1_29' title="bbox 275 1506 1670 1557; baseline -0.002 -12"><span class='ocrx_word' id='word_1_158' title='bbox 275 1507 539 1545; x_wconf 81' lang='lat' dir='ltr'>institutione</span> <span class='ocrx_word' id='word_1_159' title='bbox 576 1507 786 1556; x_wconf 80' lang='lat' dir='ltr'>insignes;</span> <span class='ocrx_word' id='word_1_160' title='bbox 826 1507 869 1545; x_wconf 90' lang='lat' dir='ltr'>in</span> <span class='ocrx_word' id='word_1_161' title='bbox 908 1510 1092 1557; x_wconf 87' lang='lat' dir='ltr'>tempore</span> <span class='ocrx_word' id='word_1_162' title='bbox 1126 1508 1293 1557; x_wconf 85' lang='lat' dir='ltr'>quidem</span> <span class='ocrx_word' id='word_1_163' title='bbox 1319 1506 1323 1553; x_wconf 84' lang='grc' dir='ltr'>Ι</span> <span class='ocrx_word' id='word_1_164' title='bbox 1350 1520 1535 1545; x_wconf 86' lang='lat' dir='ltr'>summae</span> <span class='ocrx_word' id='word_1_165' title='bbox 1557 1513 1578 1542; x_wconf 89' lang='lat' dir='ltr'>f.</span> <span class='ocrx_word' id='word_1_166' title='bbox 1595 1523 1630 1550; x_wconf 85' lang='lat'>47</span> <span class='ocrx_word' id='word_1_167' title='bbox 1643 1523 1670 1542; x_wconf 78' lang='lat' dir='ltr'>a.</span> 
     </span>
     <span class='ocr_line' id='line_1_30' title="bbox 276 1572 1536 1622; baseline -0.002 -11"><span class='ocrx_word' id='word_1_168' title='bbox 276 1573 513 1611; x_wconf 82' lang='lat' dir='ltr'>festiuitatis</span> <span class='ocrx_word' id='word_1_169' title='bbox 552 1573 698 1610; x_wconf 88' lang='lat' dir='ltr'>dubios</span> <span class='ocrx_word' id='word_1_170' title='bbox 732 1573 902 1611; x_wconf 85' lang='lat' dir='ltr'>circulos</span> <span class='ocrx_word' id='word_1_171' title='bbox 940 1576 1166 1622; x_wconf 73' lang='lat' dir='ltr'>sequentes,</span> <span class='ocrx_word' id='word_1_172' title='bbox 1205 1575 1348 1621; x_wconf 83' lang='lat' dir='ltr'>utpote</span> <span class='ocrx_word' id='word_1_173' title='bbox 1386 1572 1536 1621; x_wconf 88' lang='lat' dir='ltr'>quibus</span> 
     </span>
     <span class='ocr_line' id='line_1_31' title="bbox 276 1637 1537 1688; baseline -0.002 -12"><span class='ocrx_word' id='word_1_174' title='bbox 276 1639 399 1688; x_wconf 81' lang='lat' dir='ltr'>longe</span> <span class='ocrx_word' id='word_1_175' title='bbox 435 1638 545 1675; x_wconf 88' lang='lat' dir='ltr'>ultra</span> <span class='ocrx_word' id='word_1_176' title='bbox 578 1638 717 1675; x_wconf 90' lang='lat' dir='ltr'>orbem</span> <span class='ocrx_word' id='word_1_177' title='bbox 750 1638 895 1687; x_wconf 88' lang='lat' dir='ltr'>positis</span> <span class='ocrx_word' id='word_1_178' title='bbox 930 1652 1052 1676; x_wconf 88' lang='lat' dir='ltr'>nemo</span> <span class='ocrx_word' id='word_1_179' title='bbox 1087 1639 1297 1688; x_wconf 83' lang='lat' dir='ltr'>synodalia</span> <span class='ocrx_word' id='word_1_180' title='bbox 1334 1637 1537 1687; x_wconf 86' lang='lat' dir='ltr'>paschalis</span> 
     </span>
     <span class='ocr_line' id='line_1_32' title="bbox 277 1702 1536 1752; baseline -0.002 -11"><span class='ocrx_word' id='word_1_181' title='bbox 277 1703 563 1742; x_wconf 84' lang='lat' dir='ltr'>obseruantiae</span> <span class='ocrx_word' id='word_1_182' title='bbox 595 1703 753 1741; x_wconf 83' lang='lat' dir='ltr'>decreta</span> <span class='ocrx_word' id='word_1_183' title='bbox 784 1706 1043 1752; x_wconf 76' lang='lat' dir='ltr'>porrexerat3</span> <span class='ocrx_word' id='word_1_184' title='bbox 1072 1706 1238 1741; x_wconf 87' lang='lat' dir='ltr'>tantum</span> <span class='ocrx_word' id='word_1_185' title='bbox 1269 1717 1324 1751; x_wconf 87' lang='lat' dir='ltr'>ea,</span> <span class='ocrx_word' id='word_1_186' title='bbox 1359 1716 1463 1752; x_wconf 87' lang='lat' dir='ltr'>quae</span> <span class='ocrx_word' id='word_1_187' title='bbox 1491 1702 1536 1739; x_wconf 88' lang='lat' dir='ltr'>in</span> 
     </span>
     <span class='ocr_line' id='line_1_33' title="bbox 277 1768 1537 1819; baseline -0.002 -12"><span class='ocrx_word' id='word_1_188' title='bbox 277 1769 536 1819; x_wconf 82' lang='lat' dir='ltr'>propheticis,</span> <span class='ocrx_word' id='word_1_189' title='bbox 572 1769 828 1818; x_wconf 80' lang='lat' dir='ltr'>euangelicis,</span> <span class='ocrx_word' id='word_1_190' title='bbox 863 1771 903 1807; x_wconf 88' lang='lat' dir='ltr'>et</span> <span class='ocrx_word' id='word_1_191' title='bbox 936 1769 1169 1819; x_wconf 87' lang='lat' dir='ltr'>apostolicis</span> <span class='ocrx_word' id='word_1_192' title='bbox 1203 1768 1354 1807; x_wconf 88' lang='lat' dir='ltr'>litteris</span> <span class='ocrx_word' id='word_1_193' title='bbox 1383 1768 1537 1806; x_wconf 86' lang='lat' dir='ltr'>discere</span> 
     </span>
     <span class='ocr_line' id='line_1_34' title="bbox 278 1834 1538 1883; baseline -0.001 -12"><span class='ocrx_word' id='word_1_194' title='bbox 278 1835 477 1882; x_wconf 86' lang='lat' dir='ltr'>poterant,</span> <span class='ocrx_word' id='word_1_195' title='bbox 510 1834 677 1883; x_wconf 90' lang='lat' dir='ltr'>pietatis</span> <span class='ocrx_word' id='word_1_196' title='bbox 708 1837 747 1872; x_wconf 86' lang='lat' dir='ltr'>et</span> <span class='ocrx_word' id='word_1_197' title='bbox 779 1835 978 1872; x_wconf 84' lang='lat' dir='ltr'>castitatis</span> <span class='ocrx_word' id='word_1_198' title='bbox 1011 1848 1132 1883; x_wconf 90' lang='lat' dir='ltr'>opera</span> <span class='ocrx_word' id='word_1_199' title='bbox 1158 1834 1377 1883; x_wconf 78' lang='lat' dir='ltr'>diligenter</span> <span class='ocrx_word' id='word_1_200' title='bbox 1405 1834 1538 1871; x_wconf 85' lang='lat' dir='ltr'>obser-</span> 
     </span>
     <span class='ocr_line' id='line_1_35' title="bbox 279 1898 1537 1938; baseline 0 -2"><span class='ocrx_word' id='word_1_201' title='bbox 279 1902 434 1938; x_wconf 87' lang='lat' dir='ltr'>uantes.</span> <span class='ocrx_word' id='word_1_202' title='bbox 523 1900 758 1938; x_wconf 79' lang='lat' dir='ltr'>Perniansit</span> <span class='ocrx_word' id='word_1_203' title='bbox 806 1902 944 1937; x_wconf 88' lang='lat' dir='ltr'>autem</span> <span class='ocrx_word' id='word_1_204' title='bbox 991 1900 1230 1937; x_wconf 90' lang='lat' dir='ltr'>huiusmodi</span> <span class='ocrx_word' id='word_1_205' title='bbox 1277 1898 1537 1937; x_wconf 87' lang='lat' dir='ltr'>obseruantia</span> 
     </span>
     <span class='ocr_line' id='line_1_36' title="bbox 279 1965 1537 2014; baseline 0 -13"><span class='ocrx_word' id='word_1_206' title='bbox 279 1965 479 2013; x_wconf 83' lang='lat' dir='ltr'>paschalis</span> <span class='ocrx_word' id='word_1_207' title='bbox 525 1966 632 2014; x_wconf 87' lang='lat' dir='ltr'>apud</span> <span class='ocrx_word' id='word_1_208' title='bbox 687 1979 756 2003; x_wconf 87' lang='lat' dir='ltr'>eos</span> <span class='ocrx_word' id='word_1_209' title='bbox 802 1967 988 2014; x_wconf 85' lang='lat' dir='ltr'>tempore</span> <span class='ocrx_word' id='word_1_210' title='bbox 1036 1978 1119 2002; x_wconf 94' lang='lat' dir='ltr'>non</span> <span class='ocrx_word' id='word_1_211' title='bbox 1167 1978 1305 2014; x_wconf 82' lang='lat' dir='ltr'>pauco,</span> <span class='ocrx_word' id='word_1_212' title='bbox 1352 1965 1428 2002; x_wconf 90' lang='lat' dir='ltr'>hoc</span> <span class='ocrx_word' id='word_1_213' title='bbox 1476 1966 1537 2001; x_wconf 81' lang='lat' dir='ltr'>est</span> 
     </span>
     <span class='ocr_line' id='line_1_37' title="bbox 281 2029 1540 2079; baseline 0 -12"><span class='ocrx_word' id='word_1_214' title='bbox 281 2044 409 2079; x_wconf 85' lang='lat' dir='ltr'>usque</span> <span class='ocrx_word' id='word_1_215' title='bbox 453 2031 503 2068; x_wconf 90' lang='lat' dir='ltr'>ad</span> <span class='ocrx_word' id='word_1_216' title='bbox 551 2044 708 2068; x_wconf 89' lang='lat' dir='ltr'>annum</span> <span class='ocrx_word' id='word_1_217' title='bbox 753 2030 980 2068; x_wconf 88' lang='lat' dir='ltr'>dominicae</span> <span class='ocrx_word' id='word_1_218' title='bbox 1023 2030 1316 2068; x_wconf 87' lang='lat' dir='ltr'>incarnationis</span> <span class='ocrx_word' id='word_1_219' title='bbox 1354 2029 1540 2068; x_wconf 86' lang='lat' dir='ltr'>DCCXV</span> 
     </span>
     <span class='ocr_line' id='line_1_38' title="bbox 281 2097 618 2145; baseline 0.003 -12"><span class='ocrx_word' id='word_1_220' title='bbox 281 2109 353 2145; x_wconf 89' lang='lat' dir='ltr'>per</span> <span class='ocrx_word' id='word_1_221' title='bbox 381 2109 512 2134; x_wconf 85' lang='lat' dir='ltr'>annos</span> <span class='ocrx_word' id='word_1_222' title='bbox 541 2097 618 2135; x_wconf 87' lang='lat' dir='ltr'>CL.</span> 
     </span>
    </p>

    <p class='ocr_par' dir='ltr' id='par_1_6' title="bbox 282 2159 1540 2408">
     <span class='ocr_line' id='line_1_39' title="bbox 336 2159 1538 2199; baseline -0.001 0"><span class='ocrx_word' id='word_1_223' title='bbox 336 2162 393 2199; x_wconf 86' lang='lat' dir='ltr'>At</span> <span class='ocrx_word' id='word_1_224' title='bbox 423 2164 522 2199; x_wconf 86' lang='lat' dir='ltr'>tunc</span> <span class='ocrx_word' id='word_1_225' title='bbox 551 2162 744 2199; x_wconf 86' lang='lat' dir='ltr'>ueniente</span> <span class='ocrx_word' id='word_1_226' title='bbox 773 2162 823 2199; x_wconf 88' lang='lat' dir='ltr'>ad</span> <span class='ocrx_word' id='word_1_227' title='bbox 854 2175 922 2199; x_wconf 89' lang='lat' dir='ltr'>eos</span> <span class='ocrx_word' id='word_1_228' title='bbox 950 2161 1283 2199; x_wconf 85' lang='lat' dir='ltr'>reuerentissimo</span> <span class='ocrx_word' id='word_1_229' title='bbox 1307 2163 1346 2198; x_wconf 92' lang='lat' dir='ltr'>et</span> <span class='ocrx_word' id='word_1_230' title='bbox 1373 2159 1538 2198; x_wconf 79' lang='lat' dir='ltr'>sanctis-</span> 
     </span>
     <span class='ocr_line' id='line_1_40' title="bbox 282 2226 1540 2276; baseline -0.001 -12"><span class='ocrx_word' id='word_1_231' title='bbox 282 2227 387 2265; x_wconf 88' lang='lat' dir='ltr'>simo</span> <span class='ocrx_word' id='word_1_232' title='bbox 420 2229 534 2276; x_wconf 84' lang='lat' dir='ltr'>patre</span> <span class='ocrx_word' id='word_1_233' title='bbox 565 2230 605 2265; x_wconf 87' lang='lat' dir='ltr'>et</span> <span class='ocrx_word' id='word_1_234' title='bbox 637 2228 842 2265; x_wconf 86' lang='lat' dir='ltr'>sacerdote</span> <span class='ocrx_word' id='word_1_235' title='bbox 873 2228 1095 2276; x_wconf 83' lang='lat' dir='ltr'>Ecgbercto</span> <span class='ocrx_word' id='word_1_236' title='bbox 1112 2228 1135 2274; x_wconf 57' lang='lat'>⁴³,</span> <span class='ocrx_word' id='word_1_237' title='bbox 1174 2227 1223 2264; x_wconf 88' lang='lat' dir='ltr'>de</span> <span class='ocrx_word' id='word_1_238' title='bbox 1257 2226 1423 2264; x_wconf 86' lang='lat' dir='ltr'>natione</span> <span class='ocrx_word' id='word_1_239' title='bbox 1455 2227 1540 2263; x_wconf 88' lang='lat' dir='ltr'>An·</span> 
     </span>
     <span class='ocr_line' id='line_1_41' title="bbox 282 2292 1534 2343; baseline 0 -13"><span class='ocrx_word' id='word_1_240' title='bbox 282 2294 455 2343; x_wconf 79' lang='lat' dir='ltr'>glorum,</span> <span class='ocrx_word' id='word_1_241' title='bbox 481 2293 551 2342; x_wconf 86' lang='lat' dir='ltr'>qui</span> <span class='ocrx_word' id='word_1_242' title='bbox 571 2293 614 2330; x_wconf 88' lang='lat' dir='ltr'>in</span> <span class='ocrx_word' id='word_1_243' title='bbox 636 2293 836 2331; x_wconf 88' lang='lat' dir='ltr'>Hibernia</span> <span class='ocrx_word' id='word_1_244' title='bbox 852 2293 1007 2330; x_wconf 89' lang='lat' dir='ltr'>diutius</span> <span class='ocrx_word' id='word_1_245' title='bbox 1023 2293 1257 2330; x_wconf 77' lang='lat' dir='ltr'>exulauerat</span> <span class='ocrx_word' id='word_1_246' title='bbox 1271 2306 1343 2341; x_wconf 92' lang='lat' dir='ltr'>pro</span> <span class='ocrx_word' id='word_1_247' title='bbox 1360 2292 1534 2341; x_wconf 89' lang='lat' dir='ltr'>Christo,</span> 
     </span>
     <span class='ocr_line' id='line_1_42' title="bbox 284 2357 1539 2408; baseline -0.001 -12"><span class='ocrx_word' id='word_1_248' title='bbox 284 2361 449 2408; x_wconf 86' lang='lat' dir='ltr'>eratque</span> <span class='ocrx_word' id='word_1_249' title='bbox 474 2361 512 2396; x_wconf 89' lang='lat' dir='ltr'>et</span> <span class='ocrx_word' id='word_1_250' title='bbox 534 2359 797 2397; x_wconf 87' lang='lat' dir='ltr'>doctissimus</span> <span class='ocrx_word' id='word_1_251' title='bbox 817 2359 861 2396; x_wconf 92' lang='lat' dir='ltr'>in</span> <span class='ocrx_word' id='word_1_252' title='bbox 877 2358 1100 2407; x_wconf 82' lang='lat' dir='ltr'>scripturis,</span> <span class='ocrx_word' id='word_1_253' title='bbox 1125 2360 1166 2395; x_wconf 91' lang='lat' dir='ltr'>et</span> <span class='ocrx_word' id='word_1_254' title='bbox 1186 2358 1385 2407; x_wconf 85' lang='lat' dir='ltr'>longaeua</span> <span class='ocrx_word' id='word_1_255' title='bbox 1398 2358 1410 2377; x_wconf 75' lang='lat'>‘³</span> <span class='ocrx_word' id='word_1_256' title='bbox 1429 2357 1539 2395; x_wconf 86' lang='lat' dir='ltr'>uitae</span> 
     </span>
    </p>
   </div>
   <div class='ocr_carea' id='block_1_5' title="bbox 326 2477 1540 2518">
    <p class='ocr_par' dir='ltr' id='par_1_7' title="bbox 326 2477 1540 2518">
     <span class='ocr_line' id='line_1_43' title="bbox 326 2477 1540 2518; baseline -0.001 -9"><span class='ocrx_word' id='word_1_257' title='bbox 326 2478 337 2494; x_wconf 74' lang='lat'>¹</span> <span class='ocrx_word' id='word_1_258' title='bbox 362 2479 507 2509; x_wconf 85' lang='lat' dir='ltr'>LXXVI</span> <span class='ocrx_word' id='word_1_259' title='bbox 525 2480 565 2510; x_wconf 89' lang='lat' dir='ltr'>N.</span> <span class='ocrx_word' id='word_1_260' title='bbox 658 2478 670 2496; x_wconf 83' lang='lat'><strong>²</strong></span> <span class='ocrx_word' id='word_1_261' title='bbox 692 2481 726 2509; x_wconf 79' lang='lat' dir='ltr'>et</span> <span class='ocrx_word' id='word_1_262' title='bbox 744 2479 826 2509; x_wconf 92' lang='lat' dir='ltr'>IIII</span> <span class='ocrx_word' id='word_1_263' title='bbox 844 2479 886 2509; x_wconf 85' lang='lat' dir='ltr'>N.</span> <span class='ocrx_word' id='word_1_264' title='bbox 961 2477 972 2494; x_wconf 77' lang='lat'><strong><em>³</em></strong></span> <span class='ocrx_word' id='word_1_265' title='bbox 997 2479 1193 2518; x_wconf 84' lang='lat' dir='ltr'>deanmagh</span> <span class='ocrx_word' id='word_1_266' title='bbox 1212 2478 1267 2509; x_wconf 70' lang='lat' dir='ltr'>Nl.</span> <span class='ocrx_word' id='word_1_267' title='bbox 1356 2478 1366 2496; x_wconf 75' lang='lat'>⁴¹</span> <span class='ocrx_word' id='word_1_268' title='bbox 1389 2487 1540 2518; x_wconf 85' lang='lat' dir='ltr'>magnae</span> 
     </span>
    </p>
   </div>
   <div class='ocr_carea' id='block_1_6' title="bbox 283 2529 1540 2624">
    <p class='ocr_par' dir='ltr' id='par_1_8' title="bbox 283 2529 1540 2624">
     <span class='ocr_line' id='line_1_44' title="bbox 283 2529 1540 2570; baseline -0.002 -8"><span class='ocrx_word' id='word_1_269' title='bbox 283 2531 526 2562; x_wconf 85' lang='lat' dir='ltr'>continentiae</span> <span class='ocrx_word' id='word_1_270' title='bbox 543 2532 582 2562; x_wconf 93' lang='lat' dir='ltr'>B.</span> <span class='ocrx_word' id='word_1_271' title='bbox 703 2532 714 2549; x_wconf 75' lang='lat'><strong>⁵</strong></span> <span class='ocrx_word' id='word_1_272' title='bbox 738 2531 898 2570; x_wconf 85' lang='lat' dir='ltr'>egbercto</span> <span class='ocrx_word' id='word_1_273' title='bbox 915 2531 945 2561; x_wconf 83' lang='lat' dir='ltr'>N</span> <span class='ocrx_word' id='word_1_274' title='bbox 963 2541 970 2565; x_wconf 76' lang='grc' dir='ltr'>ς</span> <span class='ocrx_word' id='word_1_275' title='bbox 994 2530 1200 2570; x_wconf 83' lang='lat' dir='ltr'>ecgberchto</span> <span class='ocrx_word' id='word_1_276' title='bbox 1218 2531 1254 2562; x_wconf 91' lang='lat' dir='ltr'>C.</span> <span class='ocrx_word' id='word_1_277' title='bbox 1381 2529 1392 2547; x_wconf 63' lang='grc' dir='ltr'>ὓ</span> <span class='ocrx_word' id='word_1_278' title='bbox 1414 2530 1540 2570; x_wconf 87' lang='lat' dir='ltr'>longae</span> 
     </span>
     <span class='ocr_line' id='line_1_45' title="bbox 284 2583 411 2624; baseline 0 -10"><span class='ocrx_word' id='word_1_279' title='bbox 284 2583 328 2614; x_wconf 88' lang='lat' dir='ltr'>M.</span> <span class='ocrx_word' id='word_1_280' title='bbox 350 2583 411 2624; x_wconf 62' lang='lat' dir='ltr'>HI.</span> 
     </span>
    </p>
   </div>
   <div class='ocr_carea' id='block_1_7' title="bbox 1760 0 1803 2355">
    <p class='ocr_par' dir='ltr' id='par_1_9' title="bbox 1760 0 1803 2355">
     <span class='ocr_line' id='line_1_46' title="bbox 1760 0 1803 2355; baseline 0 0"><span class='ocrx_word' id='word_1_281' title='bbox 1760 0 1803 2355; x_wconf 95' lang='lat' dir='ltr'> </span> 
     </span>
    </p>
   </div>
  </div>
 </body>
</html>
