1803 2887
273 150 349 182 CAP.
370 147 523 188 XXVII]
672 141 823 183 Gentis
853 140 1124 195 A‘nylorum.
1446 144 1526 184 191

272 255 383 293 refici
403 256 668 305 contingeret,
692 255 867 305 simplici
888 257 1052 293 tantum
1072 257 1112 293 et
1133 256 1335 294 cotidiano
1355 257 1529 296 fratrum

272 321 358 358 cibo
393 322 586 368 contenti,
618 321 679 358 nil
709 320 818 359 ultra
851 321 1110 370 quaerebant.
1171 322 1274 359 Tota
1305 322 1417 359 enim
1451 323 1528 360 fuit

271 388 370 423 tunc
408 386 639 424 sollicitudo
680 386 912 424 doctoribus
949 386 1032 423 illis
1068 387 1156 424 Deo
1193 387 1408 434 seruiendi,
1444 401 1527 425 non

270 451 429 488 saeculo
443 465 453 497 3
483 452 570 488 tota
590 463 685 488 cura
705 451 834 488 cordis
854 451 1076 496 excolendi,
1095 465 1179 490 non
1200 452 1367 490 uentris.
1406 452 1530 491 Unde

270 518 311 553 et
339 516 383 553 in
412 528 562 565 magna
590 515 700 554 erat¹
723 517 984 554 ueneratione
1012 519 1197 566 tempore
1225 518 1298 555 illo
1322 517 1531 567 religionis

273 581 439 618 habitus
459 595 468 628 3
498 581 555 618 ita
583 583 639 629 ut,
672 581 919 631 ubicumque
936 582 1104 620 clericus
1124 583 1270 632 aliqui²
1298 585 1368 621 aut
1388 597 1530 621 mona-

269 646 371 684 chus
401 647 623 692 adueniret,
648 647 875 696 gaudenter
905 647 956 685 ab
983 648 1176 685 omnibus
1205 649 1418 698 tamquam
1452 648 1529 686 Dei

267 712 450 750 famulus
497 711 761 761 exciperetur.
838 713 976 750 Etiam
1020 713 1055 750 si
1092 713 1135 751 in
1173 713 1319 751 itinere
1357 727 1529 763 pergens

267 777 533 825 inueniretur,
569 778 850 826 adcurrebant7
889 780 930 815 et
961 778 1090 816 flexa³
1124 779 1277 816 ceruice
1308 779 1375 816 uel
1402 792 1529 817 manu

267 843 429 892 signari,
467 843 535 881 uel
567 856 635 881 ore
668 842 781 880 illius
814 856 857 881 se
890 843 1075 881 benedici
1104 844 1363 893 gaudebant3
1392 844 1530 882 uerbis

267 922 428 958 quoque
458 908 609 946 horum
638 909 925 947 exhortatoriis
955 909 1174 959 diligenter
1201 910 1390 948 auditum
1420 923 1528 959 prae—

266 974 427 1012 bebant.
490 974 568 1012 Sed
589 975 629 1011 et
649 973 791 1011 diebus
811 974 1026 1012 dominicis
1051 975 1102 1012 ad
1129 975 1338 1013 ecclesiam
1365 976 1450 1013 Siue
1477 976 1526 1013 ad

266 1037 511 1074 monasteria
541 1037 738 1085 certatim,
764 1050 847 1074 non
877 1037 1087 1075 reficiendi
1115 1038 1302 1087 corporis,
1329 1038 1398 1076 sed
1419 1038 1528 1076 audi-

266 1102 362 1140 endi
391 1102 590 1140 sermonis
619 1103 695 1140 Dei
723 1103 851 1151 gratia
877 1103 1166 1151 confluebant;
1196 1105 1236 1141 et
1256 1104 1381 1152 siquis
1406 1117 1527 1142 sacer-

265 1168 410 1206 dotum
443 1168 487 1205 in
520 1167 661 1205 uicum
698 1168 802 1205 forte
837 1168 1060 1216 deueniret,
1091 1182 1187 1206 mox
1219 1169 1451 1219 congregati
1482 1170 1525 1207 in

264 1245 396 1270 unum
423 1233 559 1271 uicani
584 1233 758 1271 uerbum
785 1233 894 1271 uitae
921 1233 971 1271 ab
998 1233 1069 1271 illo
1096 1236 1286 1283 expetere
1313 1234 1520 1273 curabant.

265 1298 372 1336 Nam
403 1312 537 1348 neque
571 1298 647 1336 alia
681 1299 778 1348 ipsis
815 1299 1088 1337 Sacerdotibus
1121 1301 1190 1337 aut
1223 1300 1378 1338 clericis
1415 1301 1526 1338 uicos

264 1364 451 1409 adeundi,
488 1377 611 1413 quam
644 1365 914 1413 praedicandi,
945 1365 1186 1414 baptizandi,
1219 1365 1408 1403 infirmos
1436 1367 1525 1404 uisi-

263 1429 388 1478 tandi,
427 1432 477 1477 et,
513 1432 559 1467 ut
593 1430 801 1468 breuiter⁴
833 1430 976 1477 dicam,
1011 1431 1170 1468 animas
1202 1432 1371 1469 curandi
1409 1445 1525 1470 causa

262 1495 370 1543 fuit;
412 1496 482 1545 qui
518 1496 561 1533 in
598 1498 764 1537 tantum
803 1499 919 1535 erant
953 1497 1003 1534 ab
1037 1496 1153 1534 omni
1190 1498 1382 1536 auaritiae
1411 1501 1526 1547 peste

263 1562 457 1611 castigati,
480 1564 527 1600 ut
548 1576 669 1601 nemo
689 1564 892 1602 territoria
912 1577 956 1602 ac
976 1565 1250 1613 possessiones
1268 1566 1318 1603 ad
1347 1568 1526 1603 constru-

263 1628 367 1665 enda
396 1629 651 1677 monasteria,
686 1629 765 1667 nisi
792 1643 814 1667 a
843 1630 1140 1679 potestatibus⁵
1170 1631 1320 1668 saeculi
1349 1633 1520 1670 coactus.

261 1694 468 1743 acciperet.
531 1694 640 1741 Quae
667 1695 918 1733 consuetudo
943 1709 1015 1745 per
1044 1696 1181 1734 onmia
1204 1696 1414 1746 aliquanto
1434 1699 1525 1746 post

262 1758 359 1796 haec
390 1761 573 1808 tempore
600 1759 643 1797 in
669 1760 844 1798 ecclesiis
877 1761 1341 1811 Nordanhymbrorum⁶
1367 1765 1523 1800 seruata

263 1826 334 1862 est.
396 1824 476 1862 Sed
496 1825 546 1862 de
565 1825 630 1862 his
650 1825 749 1863 satis
769 1826 937 1864 dictum.

723 1992 844 2031 CAP.
878 1993 1060 2031 XXVII.

265 2101 300 2129 Ut
312 2101 451 2136 Ecqberct
461 2096 482 2137 ⁷,
499 2101 553 2128 πί]-
567 2102 693 2129 sanctus
707 2102 742 2129 (Ie
757 2103 879 2130 natione
894 2103 1077 2141 Anqlorzzm,
1093 2103 1306 2132 monachicam
1320 2104 1354 2132 in
1370 2104 1521 2134 Hibernia

768 2154 868 2182 uitam
884 2155 1015 2183 (luxerit.

315 2242 465 2279 EODEM
530 2243 668 2279 autem
735 2255 844 2280 anno
926 2242 1151 2281 dominicae
1232 2243 1523 2284 incarnationis
1548 2258 1750 2292 Eelipsean‹1

262 2306 540 2355 DGLXHHo,
564 2307 671 2345 facta
700 2309 783 2346 erat
812 2307 973 2357 eclipsis
1001 2308 1097 2346 solis
1129 2309 1194 2347 die
1217 2310 1338 2349 tertio
1368 2312 1524 2349 mensis
1547 2297 1733 2370 ξ’ῗῦὲὲῗρὲ

262 2371 369 2420 Maii,
393 2373 493 2410 hora
509 2373 667 2411 circiter
682 2373 741 2411 Xa
754 2373 833 2412 diei
852 2388 861 2421 ;
892 2387 972 2423 quo
992 2375 1113 2412 etiam
1127 2388 1235 2414 anno
1257 2376 1391 2414 subita
1406 2378 1523 2426 pesti-

305 2479 316 2496 ¹
340 2482 415 2511 erat
431 2491 490 2512 om.
505 2481 551 2513 M.
568 2481 629 2520 HI.
718 2480 730 2498 ²
754 2483 848 2521 —quis
865 2481 902 2514 C.
919 2481 973 2514 B2.
1062 2481 1074 2499 ⁸
1094 2483 1183 2514 flexo
1199 2484 1246 2517 M.
1263 2485 1306 2516 N.
1410 2484 1422 2502 4
1447 2486 1521 2516 bre-

263 2532 354 2562 biter
366 2533 403 2563 C.
492 2533 504 2550 ⁵
527 2534 730 2573 potentibus
746 2534 864 2573 M.H1.
953 2533 965 2550 ⁶
987 2535 1136 2566 norban-
1151 2536 1188 2568 C.
1289 2535 1301 2553 ⁷
1324 2537 1461 2568 -bercht
1475 2538 1521 2575 (33

261 2584 384 2623 egberc
401 2584 444 2616 N.
