1803 2887
27 790 68 818 ib.
85 798 109 818 c.
127 798 150 824 7.

25 924 66 952 ib.
83 933 108 953 c.
125 926 149 953 8.

27 1639 66 1668 ib.
83 1648 108 1668 0.
125 1649 150 1675 9.

25 1835 46 1862 f.
65 1835 111 1862 116
124 1843 151 1862 a.

27 1965 67 1994 ib.
83 1974 111 1994 c.
129 1974 168 1993 10.

26 2029 66 2058 ib.
82 2039 108 2058 c.
126 2039 164 2058 11.

27 2223 68 2252 ib.
84 2233 110 2252 c.
129 2234 166 2253 12.

221 156 300 188 Cn.
315 153 422 195 XIX]
616 146 769 189 Gentis
799 148 1070 202 Anylorum.
1392 149 1474 188 3525

219 263 459 299 reseruatus.
519 262 707 310 Namque
727 262 915 299 Baldleild
931 260 940 278 ¹
961 263 1097 310 ‘reyina
1118 262 1255 300 missis
1275 262 1479 300 militibus

220 328 436 375 episcopum
457 328 571 364 iussit
590 326 793 374 interfici;
823 340 947 375 quem
968 328 1020 365 ad
1048 329 1170 365 locum
1194 326 1374 376 quidem,
1399 340 1480 376 quo

219 391 483 429 decollandus
515 393 612 438 erat,
646 393 810 429 secutus
847 394 909 429 est
945 392 1124 430 Uilfrid²
1151 392 1319 430 clericus
1351 392 1475 439 illius,

219 457 454 495 desiderans
491 470 576 496 eum
615 470 666 505 eo,
705 457 871 495 tametsi
910 458 997 506 ipso
1029 458 1210 495 multum
1241 459 1476 506 prohibente,

218 522 372 571 pariter
404 523 653 560 occumbere.
716 522 795 560 Sed
827 523 937 560 hune
966 523 1039 560 ubi
1067 523 1330 572 peregrinum
1359 524 1481 572 atque

218 587 443 625 oriundum
472 589 517 626 de
547 587 736 626 natione3
756 587 975 636 Anylormn
1004 601 1229 637 cognouere
1258 588 1476 635 carnifices

218 665 424 701 pepercere
459 655 523 701 illi,
558 666 690 702 neque
720 665 807 691 eum
839 653 1041 691 trucidare
1071 666 1165 690 cum
1203 666 1277 691 5110
1315 653 1482 690 uoluere

218 717 424 766 pontifice.

272 784 331 820 At
351 783 422 820 ille
442 783 696 821 Brittaniam
726 783 908 829 ueniens,
933 783 1178 821 coniunctus
1205 786 1266 821 est
1291 783 1483 821 amicitiis

218 847 445 895 ΑΖεΙῑῘί-ἱιῆ4
474 850 583 896 rems,
609 848 680 897 qui
709 848 928 886 catholicas
957 849 1147 886 ecclesiae
1176 849 1337 898 regulas
1367 862 1484 898 sequi

217 926 388 962 semper,
414 915 453 951 et
474 926 610 951 amare
637 913 844 952 didicerat.
907 914 1029 952 Unde
1053 917 1093 952 et
1119 914 1200 961 ille,
1226 914 1321 963 quia
1346 914 1481 952 catho-

217 979 344 1016 licum
384 992 478 1016 eum
518 991 606 1016 esse
645 979 856 1027 conperiit,
898 992 995 1016 mox
1036 979 1207 1017 donauit
1253 983 1396 1017 terram
1440 981 1482 1017 X

216 1044 467 1081 familiarum
487 1043 531 1080 in
551 1043 650 1090 1000,
676 1043 746 1092 qui
766 1044 915 1081 dicitur
943 1044 1147 1092 Stemford,
1173 1046 1214 1082 et
1238 1058 1322 1082 non
1348 1045 1480 1083 multo

208 1112 298 1157 post
318 1108 614 1146 monasterium
634 1109 761 1146 XXX
776 1109 1028 1147 familiarum
1045 1110 1088 1147 in
1109 1109 1208 1157 1000,
1229 1110 1300 1158 qui
1313 1113 1482 1147 uocatur

216 1175 469 1222 Inhrgspum3
499 1187 623 1223 quem
659 1174 849 1212 uidelicet
878 1174 1014 1212 10011111
1044 1175 1210 1212 dederat
1239 1175 1401 1224 pridem
1430 1176 1479 1213 ad

217 1239 541 1277 construendum
587 1239 693 1277 inibi
735 1240 1034 1278 monasterium
1081 1240 1155 1288 his,
1200 1240 1271 1289 qui
1320 1241 1480 1278 Scottos

217 1305 502 1354 sequebantur.
562 1305 720 1342 Uerum
759 1305 855 1354 quia
898 1305 961 1342 illi
1005 1306 1272 1354 postmodum
1314 1306 1479 1355 optione

217 1370 311 1409 data
339 1370 576 1408 maluerunt
605 1371 692 1408 loco
723 1371 873 1413 cedere,
896 1384 1019 1419 quam
1040 1371 1190 1419 pascha
1214 1371 1474 1419 catholicum,

217 1437 451 1484 ceterosque
485 1435 590 1473 ritus
624 1436 840 1474 canonicos
871 1436 985 1474 iuxta
1016 1437 1224 1474 Romanae
1253 1439 1293 1474 et
1324 1439 1480 1485 aposto-

216 1501 318 1538 licae
348 1501 539 1539 ecclesiae
569 1502 911 1539 consuetudinem
941 1501 1129 1550 recipere,
1155 1502 1267 1539 dedit
1295 1502 1370 1539 hoc
1401 1502 1476 1549 1111,

218 1579 342 1615 quem
362 1566 603 1604 melioribus
622 1567 816 1604 inbutum
837 1566 1066 1615 disciplinis
1085 1580 1129 1604 ac
1149 1567 1334 1604 moribus
1359 1567 1474 1605 uidit.

273 1631 360 1679 Quo
392 1631 436 1669 in
467 1634 660 1680 tempore,
697 1633 746 1670 ad
780 1632 1007 1670 iussionem
1040 1632 1211 1681 praefati
1245 1632 1351 1681 regis
1373 1646 1479 1680 pres-

218 1698 323 1746 byter
341 1698 547 1735 ordinatus
566 1699 626 1735 est
648 1698 692 1735 in
713 1698 857 1735 eodem
886 1698 1135 1736 monasterio
1162 1698 1212 1735 ab
1231 1698 1454 1746 Ayilbercto

218 1764 388 1810 episcopo
406 1763 675 1800 Geuissorum
688 1763 710 1810 ⁶,
729 1763 843 1800 cuius
856 1776 978 1812 supra
998 1763 1280 1810 meminimus,
1302 1763 1480 1801 desider-

217 1830 313 1865 ante
351 1841 455 1877 rege,
499 1830 544 1866 ut
583 1828 648 1866 uir
686 1831 824 1866 tantae
861 1826 866 1879 Ι
906 1828 1150 1866 01·11(111101115
1186 1841 1231 1866 ac
1273 1829 1483 1877 religionis

217 1892 295 1930 sibi
324 1893 555 1942 specialiter
595 1895 802 1932 indiuiduo
841 1895 1028 1931 comitatu
1067 1894 1253 1931 sacerdos
1287 1896 1404 1941 esset,
1438 1908 1483 1932 ac

217 1958 369 1996 doctor.
423 1959 554 2006 Quem
570 1972 655 1997 non
671 1960 804 1997 multo
820 1961 923 2008 post,
949 1959 1107 1996 detecta
1128 1961 1169 1996 et
1189 1959 1411 2006 eliminata,
1436 1963 1481 1997 ut

218 2025 258 2062 et
287 2037 409 2073 supra
438 2025 661 2072 docuimus,
695 2026 908 2063 Seottormn
938 2026 1056 2072 secta,
1089 2025 1266 2062 Galliam
1295 2025 1480 2073 mittens,

218 2102 313 2127 cum
326 2089 497 2126 consilio
510 2092 631 2138 atque
645 2103 847 2127 consensu
862 2089 991 2138 patris
1005 2089 1069 2126 sui
1086 2089 1226 2138 Osuiu,
1247 2090 1484 2139 episcopum

219 2154 297 2192 sibi
315 2155 474 2204 rogauit
495 2155 683 2202 ordinari,
709 2168 803 2192 cum
824 2156 931 2192 esset
952 2167 1143 2193 annorum
1163 2155 1321 2193 circiter
1340 2156 1479 2202 XXX,

219 2220 362 2257 eodem
382 2220 627 2268 14911110νοΐοτ
652 2223 751 2258 111110
782 2222 1047 2268 episcopatum
1077 2222 1224 2269 agente
1254 2220 1482 2258 Parisiacae

220 2284 397 2323 ciuitatis
418 2300 425 2330 ;
456 2299 550 2323 cum
574 2299 655 2335 quo
676 2288 716 2323 et
736 2286 807 2323 alii
833 2285 898 2323 XI
925 2285 1087 2334 episcopi
1112 2285 1162 2323 ad
1183 2286 1482 2324 dedicationem

223 2349 423 2388 antistitis
443 2353 734 2399 conuenientes,
759 2351 942 2388 multum
972 2352 1177 2399 honorifice
1204 2351 1482 2389 ministerium

264 2438 273 2455 ¹
297 2438 385 2468 balt-
403 2439 440 2469 C.
456 2439 496 2469 N.
532 2442 652 2470 Several
667 2442 758 2470 MSS.
780 2441 845 2469 both
862 2441 897 2476 of
906 2442 985 2469 Becle
1000 2442 1065 2469 and
1081 2441 1203 2469 Ecldc'zcs
1220 2442 1291 2469 read
1308 2439 1482 2470 brunhild

220 2492 286 2519 here
294 2491 347 2526 for
364 2490 539 2522 baldhild.
650 2490 661 2506 2
684 2491 776 2521 uuil-
794 2490 830 2521 C.
938 2490 949 2507 ³
974 2490 1097 2529 degere
1116 2491 1156 2528 N,
1175 2493 1312 2528 therefore
1329 2494 1374 2522 tlte
1389 2494 1482 2521 scribe

216 2544 361 2579 probably
376 2544 438 2572 had
455 2542 497 2572 de
513 2552 639 2581 genere
656 2545 749 2580 before
762 2545 839 2573 him.
953 2542 964 2559 ³
986 2543 1061 2572 alh-
1080 2542 1118 2572 C.
1227 2542 1238 2559 ⁵
1264 2543 1427 2573 -berehto
1445 2542 1481 2573 C.

222 2592 232 2609 ⁶
256 2602 479 2633 geuessorum
496 2593 527 2624 N
542 2604 549 2632 3
572 2595 807 2633 geuissiorum
824 2594 859 2625 C.
960 2592 972 2609 ⁷
998 2594 1137 2625 -berhto
1154 2593 1191 2624 C.

1507 794 1573 820 and

1473 849 1480 856 -
1509 831 1646 859 Britain.

1508 871 1616 899 Grant
1630 873 1666 898 of

1508 910 1675 938 Stamford

1507 950 1573 977 and
1594 950 1708 984 Ripon.

1506 1642 1639 1670 Refutes
1652 1642 1709 1670 the

1505 1682 1591 1709 Irish
1602 1685 1707 1716 party.

1508 2298 1587 2325 Con-

1506 2339 1610 2365 500131
1615 2338 1653 2364 ed

1506 2376 1635 2411 Bishop.
