1803 2887
71 947 242 974 Caedwalla

73 994 204 1020 rav-ages

71 1027 197 1053 sussex.

300 151 385 192 236
686 149 735 190 H
737 148 893 190 istoria
913 147 1219 190 Ecclesiastico„
1401 154 1486 195 [Lm.
1503 157 1556 188 lv.

300 265 439 302 audire
471 266 706 313 potuerunt,
743 266 783 302 et
814 264 887 302 ad¹
925 263 1174 301 exorandam
1208 262 1252 300 in
1283 262 1464 300 aduersis
1503 262 1558 300 di—

300 331 443 368 uinam
463 329 737 377 clementiam,
756 331 796 367 et
809 331 822 350 ‘²
840 330 889 367 ad
907 329 1099 366 salutaria
1114 328 1361 366 ieiuniorum
1379 327 1558 365 remedia

301 397 512 433 subeunda
540 398 640 433 sunt
669 394 914 432 mirabiliter
941 394 1123 437 accensi;
1155 395 1196 431 et
1225 406 1273 430 ex
1302 406 1348 430 eo
1375 395 1558 441 tempore

301 475 384 499 non
411 462 547 499 solum
577 460 620 498 in
649 461 795 498 eodem
825 459 1086 507 monasterio,
1117 459 1187 497 sed
1211 461 1251 496 et
1281 458 1324 495 in
1353 458 1559 507 plerisque

300 526 400 564 locis
432 526 536 572 aliis,
571 525 703 574 coepit
737 525 954 562 annuatim
985 524 1169 562 eiusdem
1201 524 1309 573 regis
1336 536 1381 561 ac
1410 523 1558 561 militis

301 592 454 630 Christi
475 591 691 629 natalicius
712 591 798 628 dies
821 590 1043 628 missarum
1063 589 1336 627 celebratione
1357 588 1554 626 uenerari.

789 711 927 765 [CAP.
953 712 1032 750 XV

304 805 339 832 Uc
367 804 529 832 chdualla
558 812 610 831 rex
637 804 843 838 Gemissormn,
873 803 1022 838 interjecto
1049 810 1113 837 req&
1143 802 1333 837 Aedilzmlch,
1360 802 1560 836 prouinciam

549 856 635 883 illam
652 864 747 884 saeua
762 856 847 883 caede
862 863 897 883 ac
913 855 1136 890 depopulatione
1152 851 1331 891 atti-[werin]

354 933 541 970 INTEREA
580 931 876 981 superueniens
903 936 906 980 Ι
932 944 1028 969 cum
1076 930 1256 968 exercitu
1302 930 1555 978 Caedualla⁴‚
1583 944 1604 972 f.
1623 946 1655 979 ⁸3
1671 953 1698 972 a.

299 998 462 1036 iuuenis
495 997 805 1035 strenuissimus
844 997 894 1034 de
927 997 1037 1046 regio
1071 996 1245 1045 genere⁵
1278 995 1555 1044 Geuissorum,

301 1078 393 1101 cum
415 1064 597 1101 exularet
617 1076 639 1100 a
654 1063 786 1111 patria
800 1076 882 1109 sua,
902 1062 1109 1099 interfecit
1121 1075 1259 1110 regem
1275 1061 1520 1099 Aedilualch
1533 1062 1556 1109 ⁶,

299 1143 343 1167 ac
390 1129 644 1178 prouinciam
685 1128 800 1165 illam
839 1140 959 1165 saeua
999 1127 1118 1164 caede
1155 1140 1199 1164 ac
1246 1127 1560 1175 depopulatione

300 1194 487 1241 attriuit3
536 1193 607 1231 sed
655 1206 751 1230 mox
800 1193 995 1241 expulsus
1035 1194 1097 1230 est
1144 1205 1166 1229 a
1204 1192 1375 1230 ducibus
1413 1192 1520 1241 regis
1532 1192 1556 1239 ⁷,

301 1260 542 1297 Berethuno
581 1260 622 1296 et
660 1259 887 1306 Andhuno,
932 1257 1002 1306 qui
1041 1257 1232 1306 deinceps
1266 1271 1440 1307 regnum
1474 1271 1562 1306 pro·

301 1325 462 1362 uinciae
501 1326 756 1371 tenuerunt;
797 1337 972 1372 quorum
1011 1323 1124 1372 prior
1162 1325 1302 1372 postea
1334 1323 1384 1360 ab
1416 1323 1561 1361 eodem

302 1390 520 1429 Caedualla
537 1392 558 1437 ⁸,
583 1403 678 1427 cum
706 1391 813 1426 esset
840 1402 910 1426 rex
937 1388 1217 1435 Geuissorum,
1243 1387 1401 1426 occisus
1421 1390 1493 1437 est,
1517 1390 1561 1426 et

300 1456 512 1505 prouincia
541 1455 727 1504 grauiore
758 1454 926 1492 seruitio
956 1454 1131 1492 subacta.
1194 1454 1272 1492 Sed
1304 1456 1344 1491 et
1374 1454 1452 1501 Ini,
1490 1454 1560 1503 qui

301 1523 393 1570 post
425 1520 702 1559 Caeduallan”
732 1519 921 1568 regnauit
938 1520 972 1567 ¹⁰,
998 1519 1127 1556 simili
1158 1519 1414 1568 prouinciam
1445 1519 1561 1557 illam

301 1586 535 1624 adflictione
581 1586 761 1634 plurimo
809 1598 1012 1622 annorum
1059 1586 1244 1633 tempore
1295 1584 1557 1634 mancipauit.

302 1653 433 1700 Quare
453 1652 607 1689 factum
629 1653 700 1699 est,
726 1654 772 1689 ut
798 1653 884 1688 toto
910 1651 981 1688 illo
1006 1653 1190 1699 tempore
1211 1650 1446 1699 episcopum
1475 1662 1562 1699 pro-

301 1718 438 1767 prium
459 1718 606 1755 habere
626 1717 841 1766 nequiret;
873 1717 942 1754 sed
973 1718 1159 1754 reuocato
1186 1717 1357 1754 domum
1384 1716 1562 1754 Uilfrido

301 1784 434 1832 primo
468 1796 542 1821 suo
571 1783 768 1830 antistite,
793 1782 872 1832 ipsi
902 1782 1088 1831 episcopo
1120 1782 1399 1829 Geuissorum,
1431 1781 1471 1819 id
1502 1784 1562 1819 est

303 1849 629 1887 Occidentaliuni
651 1850 870 1896 Saxonum,
896 1848 966 1898 qui
991 1850 1127 1886 essent
1156 1847 1200 1885 in
1225 1848 1362 1886 Uenta
1382 1847 1558 1895 ciuitate,

302 1915 570 1953 subiacerent.

681 2025 802 2063 CAP.
837 2024 942 2062 XIV
973 2022 1164 2076 [XV1]1¹.

336 2115 375 2143 'Ut
394 2115 482 2143 Uesta
500 2114 605 2142 insula
618 2114 803 2142 christianos
819 2115 933 2142 incolas
947 2115 1116 2151 susceperit,
1136 2115 1226 2142 cuius
1240 2114 1317 2149 reyii
1327 2110 1350 2128 ¹²
1365 2115 1425 2142 duo
1435 2114 1527 2149 pueri

548 2167 653 2193 statim
663 2167 731 2200 post
745 2167 897 2200 acceptum
914 2167 1065 2201 baptisma
1081 2166 1144 2194 sint
1159 2166 1320 2195 interemti.

360 2243 588 2287 POSTQUAM
615 2255 710 2291 ergo
738 2242 957 2280 Caedualla
970 2241 996 2261 ¹²³
1019 2255 1146 2292 regno
1166 2243 1323 2292 potitus
1344 2244 1405 2280 est
1426 2242 1565 2280 Geuis-

350 2330 359 2348 ¹
383 2332 418 2360 et
434 2341 493 2360 om.
508 2330 575 2367 B²;
599 2330 644 2360 ad
658 2340 719 2361 om.
738 2330 784 2361 M.
802 2329 855 2361 B'.
872 2330 914 2361 N.
928 2330 988 2368 HI.
1056 2329 1067 2346 ²
1091 2332 1125 2360 et
1141 2341 1200 2361 om.
1216 2330 1262 2361 M.
1275 2330 1310 2361 B.
1328 2330 1370 2361 N.
1385 2330 1441 2368 HI.
1501 2329 1512 2346 ³
1536 2340 1563 2361 τ.

305 2384 387 2412 note
403 2381 436 2419 ¹⁰,
455 2392 488 2421 p.
505 2392 579 2420 232.
683 2380 693 2398 ⁴
719 2382 817 2412 cead-
834 2382 871 2413 C.
960 2382 972 2399 ⁵
993 2392 1120 2421 genere
1137 2393 1196 2413 om⁴
1214 2382 1261 2413 M.
1364 2383 1375 2400 ⁶
1398 2381 1497 2412 —ualh
1515 2382 1540 2412 C
1555 2392 1563 2420 ;

304 2437 391 2467 edil—
407 2437 450 2468 N.
625 2436 637 2453 ⁷
661 2438 767 2476 regiis
784 2438 825 2468 Β.
1009 2436 1020 2452 ⁸
1042 2437 1142 2467 cead-
1160 2438 1184 2467 C
1201 2448 1207 2475 ;
1233 2438 1307 2467 sed—
1323 2436 1366 2467 N¹
1384 2447 1391 2473 ;
1415 2437 1492 2467 ced·
1507 2435 1563 2469 N2.

305 2489 315 2504 ²⁴
339 2486 539 2525 ceduallam
558 2487 595 2518 C.
612 2487 655 2518 N.
716 2485 739 2503 ¹⁰
761 2488 858 2517 -abat
876 2487 918 2518 N.
978 2484 1001 2501 ²¹
1025 2489 1197 2516 Numbered
1212 2487 1329 2516 XIIII
1346 2489 1380 2516 in
1394 2486 1439 2525 M,
1453 2489 1518 2516 ancl
1533 2497 1564 2517 so

307 2542 333 2567 to
363 2541 409 2568 the
429 2542 487 2568 cml
514 2541 550 2576 of
565 2542 610 2569 the
635 2541 712 2569 book.
762 2541 833 2569 This
858 2542 978 2576 chapter
1000 2540 1028 2568 is
1043 2540 1150 2575 joined
1172 2549 1211 2568 (m
1234 2542 1260 2569 to
1284 2542 1329 2569 the
1349 2541 1508 2578 precediny
1531 2541 1566 2569 in

304 2590 364 2629 Hl.
381 2591 434 2629 09.
452 2591 516 2630 010.
649 2591 672 2608 ¹2
694 2592 767 2631 regi
784 2592 829 2622 M.
967 2589 990 2607 ¹⁸
1013 2591 1147 2622 -uualla
1163 2592 1202 2623 C.
