1803 2887
309 168 395 209 358
666 168 876 210 Historia
905 169 1210 212 Ecclesiastica
1419 177 1507 219 [an.
1527 179 1566 212 V.

363 284 425 321 De
466 284 747 322 aedificatione
782 284 941 333 templi,
984 284 1220 334 allegoricae
1236 283 1246 302 ¹
1287 285 1561 334 expositionis,

308 349 414 387 sicut
435 352 474 387 et
494 349 783 397 cctera,libros
803 350 861 388 ΙΙ.

362 413 484 462 Item,
509 415 552 452 in
573 415 733 464 Regum
754 415 907 453 librum
928 415 1052 453 XXX
1073 415 1372 465 quaestionum.

364 479 417 516 In
438 480 663 518 Prouerbia
683 480 913 517 Salomonis
933 480 1060 518 libros
1080 481 1162 519 III.

361 544 414 581 In
436 544 603 582 Cantica
623 545 875 583 canticorum
894 546 1018 583 libros
1038 546 1125 583 VII
1140 547 1163 583 ².

361 608 414 646 In
446 609 607 656 Isaiam,
653 610 906 659 Danihelem,
942 611 1029 648 XII
1064 610 1294 659 prophetas,
1332 612 1373 648 et
1406 612 1565 659 partem

308 673 552 722 Hieremiae,
578 674 862 713 distinctiones
888 676 1159 725 capitulorum
1188 689 1238 713 ex
1260 677 1437 714 tractatu
1457 675 1566 713 beati

308 737 543 776 Hieronimi
563 742 770 788 excerptas
784 742 806 778 ³.

361 803 412 841 In
434 804 581 842 Ezram
602 807 642 842 et
666 806 703 842 N
707 806 881 844 eemiam
901 806 1026 844 libros
1046 806 1128 844 III.

362 869 414 906 In
437 870 653 907 Canticum
675 871 891 909 Habacum
913 871 1065 909 librum
1086 872 1107 909 I
1121 870 1145 910 4.

362 934 414 971 In
436 934 589 972 librum
619 936 726 973 beati
754 937 882 985 patris
911 937 1061 974 Tobiae
1090 937 1390 986 explanationis
1417 936 1568 986 allego-

308 999 412 1037 ricae
432 1000 482 1037 de
502 1001 666 1039 Christo
686 1004 727 1039 et
748 1002 915 1040 ecclesia
935 1002 1087 1040 librum
1109 1002 1130 1040 Ι
1145 1003 1167 1040 ⁵¹.

360 1065 481 1113 Item,
529 1066 718 1115 Capitula
755 1067 978 1105 lectionum
1026 1068 1068 1105 in
1108 1068 1410 1105 Pentateucum
1448 1066 1564 1114 Mosi,

307 1130 438 1178 Iosuc,
464 1131 655 1169 Iudicum
672 1146 681 1179 3

359 1197 413 1234 In
434 1197 560 1235 libros
581 1198 743 1246 Regum
763 1200 804 1236 et
825 1198 962 1238 Uerba
982 1199 1141 1237 dierum
1159 1213 1167 1245 3

360 1262 413 1299 In
433 1262 586 1300 librum
606 1263 715 1300 beati
735 1264 863 1312 patris
883 1264 959 1302 Iob
976 1279 984 1312 ;

360 1328 413 1365 In
435 1328 663 1373 Parabolas,
686 1329 969 1378 Ecclesiasten,
994 1332 1034 1368 et
1055 1330 1222 1368 Cantica
1242 1330 1492 1367 canticorum
1513 1344 1521 1376 ;

362 1393 414 1431 In
436 1394 587 1431 Isaiam
607 1395 860 1443 prophetam,
886 1396 1033 1433 Ezram
1055 1409 1216 1445 quoque
1230 1395 1241 1415 ⁰
1263 1397 1303 1433 et
1324 1395 1549 1434 Neemiam.

362 1459 415 1496 In
436 1459 696 1509 euangelium
718 1461 843 1498 Marci
862 1461 989 1499 libros
1010 1461 1119 1499 IIII.

361 1524 413 1562 In
436 1525 697 1574 euangelium
718 1526 851 1564 Lucae
872 1527 998 1564 libros
1017 1527 1090 1565 VI.

360 1590 619 1628 Omeliarum
640 1591 843 1640 euangelii
864 1592 990 1629 libros
1010 1592 1068 1630 II.

361 1655 414 1693 In
435 1656 665 1704 apostolum
687 1670 967 1706 quaecumque
986 1657 1030 1694 in
1051 1656 1258 1706 opusculis
1278 1656 1410 1694 sancti
1429 1657 1567 1706 Augu-

306 1720 431 1758 stini⁷
470 1722 651 1770 exposita
690 1722 842 1770 inueni,
874 1722 877 1773 ξ
915 1724 1060 1760 cuncta
1096 1736 1170 1772 per
1208 1722 1395 1760 ordinem
1438 1724 1566 1760 trans-

307 1786 481 1824 scribere
501 1787 650 1825 curaui.

361 1851 414 1889 In
435 1853 565 1890 Actus
584 1853 864 1901 apostolorum
884 1853 1009 1891 libros
1029 1853 1087 1891 ΙΙ.

360 1918 414 1955 In
436 1918 646 1966 Epistulas
666 1919 752 1956 VII
772 1919 991 1957 catholicas
1011 1919 1137 1956 libros
1157 1918 1345 1968 singulos
1359 1918 1382 1957 ⁸.

360 1983 413 2021 In
433 1983 711 2033 Apocalypsin
732 1984 863 2022 sancti
883 1984 1083 2022 Iohannis
1102 1984 1229 2021 libros
1250 1984 1332 2021 III.

360 2049 481 2097 Item,
507 2049 696 2097 Capitula
714 2049 941 2088 lectionum
962 2050 1006 2088 in
1026 2051 1162 2088 totum
1177 2063 1335 2088 nouum
1350 2051 1567 2088 testamen-

305 2116 405 2161 tum,
431 2116 597 2163 excepto
616 2115 841 2164 euangelio.

360 2179 469 2217 Item
504 2179 657 2217 librum
692 2180 964 2229 epistularum
992 2181 1043 2218 ad
1076 2180 1282 2218 diuersosz
1312 2193 1487 2230 quarum
1517 2181 1567 2219 de

305 2258 375 2282 sex
395 2245 596 2282 aetatibus
622 2245 773 2282 saeculi
794 2259 876 2283 una
895 2247 957 2283 est
975 2260 983 2293 3
1013 2246 1063 2283 de
1082 2245 1365 2283 mansionibus
1385 2246 1566 2284 filiorum

305 2310 434 2348 Israel
451 2324 533 2348 una
550 2325 558 2357 ;
587 2323 669 2348 una
689 2310 739 2348 de
763 2324 821 2358 eo,
846 2311 954 2360 quod
974 2311 1030 2348 ait
1051 2311 1201 2349 Isaias:
1229 2311 1303 2348 ‘Et
1324 2311 1567 2349 claudentur

351 2427 358 2444 ¹
383 2427 482 2465 allig-
500 2427 548 2457 M.
638 2425 649 2442 ²
673 2427 723 2457 VI
741 2426 776 2457 C.
794 2426 848 2457 W.
867 2427 962 2467 02-4.
983 2427 1024 2457 D.
1037 2427 1095 2458 διο.
1120 2427 1180 2458 ΑΞ.
1270 2427 1281 2444 3
1306 2429 1344 2458 in
1362 2429 1489 2458 isaiam
1506 2452 1513 2460 .
1533 2452 1540 2459 .
1558 2451 1565 2458 .

305 2480 486 2518 excerptas
511 2489 568 2509 om.
586 2479 622 2509 C.
639 2479 694 2509 W.
713 2479 806 2517 02-4.
839 2479 881 2510 D.
910 2479 967 2509 διο.
993 2480 1059 2510 AS.
1086 2482 1250 2510 reinserted
1275 2482 1310 2517 by
1334 2479 1397 2518 01².
1419 2480 1481 2518 H3.
1500 2480 1562 2511 Ar.

305 2530 316 2547 ‘¹
339 2531 470 2561 abacuc
486 2531 516 2561 I.
534 2530 589 2561 W.
609 2531 658 2568 02.
748 2531 759 2549 ⁵
783 2531 891 2561 libros
907 2531 947 2561 ΙΙ
964 2531 1006 2563 N.
1102 2532 1114 2550 ⁵
1137 2535 1203 2562 Ιιενε
1220 2535 1294 2562 ends
1310 2532 1352 2573 Rl
1370 2534 1562 2570 imperfectly.

304 2581 316 2599 ⁷
339 2591 395 2621 ag·
413 2582 450 2613 C.
540 2583 551 2600 ³
575 2582 685 2613 libros
702 2583 762 2613 ΙΙΙ
780 2582 834 2623 O„
853 2584 918 2623 (nol
933 2584 1004 2624 W.).

1591 290 1656 319 viii.
1672 293 1743 319 262-

1590 339 1651 367 359·

1590 419 1656 447 viii.
1673 428 1743 454 232—

1591 460 1650 485 261.
1802 481 1803 487 ,

1590 497 1632 524 ix.
1645 499 1758 532 53—185.
1800 491 1803 555 ἱ

1590 547 1631 574 ib.
1651 547 1719 574 186-

1589 594 1655 621 404.

1591 799 1658 826 viij.
1675 801 1748 833 360-
1799 814 1803 829 μ

1591 838 1633 865 ix.
1650 846 1690 873 52.
1795 833 1803 850 '⁴

1592 877 1634 905 ix.
1649 886 1723 913 405*

1591 918 1653 950 426.

1593 956 1634 983 ib.
1650 965 1721 991 427-

1592 1003 1657 1030 444-

1593 1481 1623 1501 3.
1642 1474 1738 1508 1-264.
1785 1470 1786 1473 ’

1592 1546 1622 1566 x.
1639 1538 1752 1573 265-xi.

1593 1603 1621 1622 V.

1592 1724 1613 1752 f.
1634 1726 1680 1752 128
1694 1733 1720 1751 a.
1776 1740 1778 1760 ;

1591 1858 1647 1886 xii.
1666 1867 1740 1893 1—95.
1773 1880 1775 1904 ξ

1592 1929 1633 1957 ib.
1653 1938 1716 1964 157<

1591 1970 1652 2014 ³3³6·

1591 2008 1632 2036 1b·
1648 2017 1720 2043 337-
1771 2016 1772 2021 ¹

1590 2056 1650 2082 452·

1591 2185 1610 2214 i.
1626 2195 1758 2222 144-154.

1590 2253 1610 2281 i.
1629 2256 1758 2290 198-202.

1591 2321 1632 2350 Is.
1649 2322 1735 2350 xxiv.
1767 2335 1769 2338 ⁴

1592 2370 1632 2390 22.
