1803 2887
69 1218 115 1261 Pe
132 1216 219 1252 Vix-g.

69 1265 114 1282 111.
133 1265 159 1290 4,
176 1265 217 1283 20.

69 1807 89 1834 f.
107 1816 137 1841 9¹
155 1815 181 1833 a.

601 176 865 231 Eeybertum
896 176 1181 231 Episcopum„
1435 175 1520 215 409

263 292 389 332 etiam
426 290 547 331 haec¹
587 292 740 342 optime
775 292 964 330 didicisse
1003 290 1279 329 certissimum
1319 292 1406 337 est;
1451 290 1521 328 sed

262 359 420 405 idiotas,
444 359 519 396 hoc
549 359 621 405 est,
646 370 714 395 eos
743 357 812 406 qui
842 356 1030 406 propriae
1059 357 1224 393 tantum
1253 354 1419 403 linguae
1449 368 1522 392 no-

262 424 398 462 titiam
425 424 589 471 habent,
619 423 719 460 haec
743 423 831 471 ipsa
858 435 932 460 sua
957 422 1099 471 lingua
1119 421 1282 467 discere,
1307 433 1350 457 ac
1380 420 1522 458 sedulo

263 490 475 527 decantare
494 488 626 526 facito.
689 488 806 536 Quod
827 501 912 525 non
934 487 1072 525 solum
1097 487 1147 524 de
1166 486 1290 533 laicis,
1316 486 1357 523 id
1380 487 1452 532 est,
1478 485 1522 523 in

262 554 448 603 populari
466 554 600 592 adhuc
620 553 706 591 uita
719 553 966 600 constitutis,
987 566 1135 590 uerum
1148 551 1274 589 etiam
1295 551 1345 588 de
1365 551 1524 588 clericis

262 620 349 657 siue
375 619 598 667 monachis,
624 619 696 669 qui
717 619 888 657 Latinae
910 620 1007 655 sunt
1027 617 1192 667 linguae
1213 617 1409 665 expertes,
1433 616 1523 653 fieri

262 687 432 734 oportet.
490 685 557 723 Sic
579 685 690 723 enim
720 684 777 732 fit,
803 685 849 722 ut
873 685 1010 721 caetus
1034 683 1169 720 omnis
1198 682 1397 729 fidelium,
1424 695 1522 730 quo—

261 751 384 788 modo
418 750 576 788 fidelis²
607 763 705 798 esse,
744 762 824 799 qua
856 762 898 787 se
930 749 1126 786 firmitate
1157 748 1349 785 credendi
1383 750 1524 785 contra

262 816 576 854 immundorum
607 815 830 865 spirituum
861 814 1085 852 certamina
1118 813 1283 851 munire
1314 815 1436 862 atque
1467 826 1525 850 ar·

261 894 373 919 mare
395 881 549 929 debeat,
579 881 736 928 discat3
767 880 826 926 fit,
850 882 896 917 ut
925 880 1071 917 chorus
1097 879 1234 917 omnis
1258 879 1345 916 Deo
1372 878 1524 928 suppli-

263 946 455 992 cantium,
500 946 598 996 quid
642 945 822 983 maxime
865 958 889 983 a
933 945 1074 983 diuina
1117 945 1336 983 clementia
1384 944 1525 993 quaeri

263 1014 458 1061 oporteat,
483 1013 686 1062 agnoscat.
747 1011 924 1060 Propter
944 1011 1051 1060 quod
1072 1012 1113 1047 et
1132 1010 1219 1059 ipse
1242 1010 1387 1047 multis
1407 1023 1524 1059 saepe

263 1077 542 1116 sacerdotibus
570 1077 709 1115 idiotis
737 1076 836 1114 haec
862 1078 1047 1125 utraque,
1077 1078 1117 1114 et
1147 1075 1386 1126 symbolum
1416 1076 1525 1113 uide-

263 1144 368 1190 licet,
394 1145 433 1181 et
454 1142 705 1180 dominicam
725 1141 952 1180 orationem
979 1141 1023 1179 in
1052 1141 1239 1190 linguam
1259 1141 1496 1190 Anglorum
1513 1142 1525 1160 3

265 1209 505 1246 translatam
534 1207 678 1257 optuli.
740 1207 847 1245 Nam
874 1209 914 1245 et
931 1209 942 1227 ⁴
967 1209 1134 1245 sanctus
1159 1207 1330 1245 antistes
1353 1207 1526 1244 Ambro-

264 1274 349 1312 sius
378 1274 453 1311 hoc
483 1274 533 1311 de
561 1273 642 1312 fide
675 1273 849 1322 loquens
878 1273 1083 1320 admonet,
1117 1274 1163 1310 ut
1192 1272 1316 1310 uerba
1344 1272 1527 1322 symboli

263 1340 482 1378 matutinis
513 1353 676 1389 semper
705 1339 818 1377 horis
851 1338 995 1377 fideles
1029 1339 1181 1388 quique
1220 1339 1448 1387 decantent,
1486 1341 1527 1377 et

264 1405 340 1444 hoc
360 1419 402 1443 se
422 1406 538 1455 quasi
557 1405 742 1444 antidoto
767 1404 972 1453 spirituali
995 1407 1135 1442 contra
1162 1404 1313 1442 diaboli
1338 1405 1526 1443 uenena5

264 1484 367 1520 quae
405 1471 488 1509 illis
525 1471 707 1509 interdiu
741 1470 808 1508 uel
842 1472 967 1508 noctu
1001 1471 1122 1508 astu6
1153 1470 1337 1519 maligno
1369 1470 1527 1508 obicere

263 1538 410 1586 posset,
459 1537 760 1586 praemuniant.
839 1536 1079 1575 Orationem
1132 1549 1229 1573 uero
1275 1535 1527 1573 dominicam

263 1602 426 1652 saepius
456 1603 663 1641 decantari
697 1603 787 1653 ipsa
817 1604 943 1641 etiam
972 1615 1050 1640 nos
1078 1601 1331 1639 consuetudo
1360 1602 1526 1640 sedulae

263 1667 559 1716 deprecationis
579 1682 623 1706 ac
643 1682 827 1718 genuum
847 1668 1038 1706 flexionis
1051 1668 1064 1687 ⁷
1085 1667 1233 1706 docuit.

319 1735 355 1772 6.
387 1733 504 1781 Quod
539 1733 575 1771 si
606 1734 717 1782 haec,
751 1737 797 1772 ut
832 1734 1102 1784 suggerimus,
1136 1733 1180 1770 in
1212 1732 1402 1782 regendis
1440 1744 1526 1781 pas-

265 1799 485 1847 cendisque
527 1799 680 1837 Christi
719 1800 866 1838 ouibus
906 1802 978 1837 tua
1013 1798 1017 1849 Ι
1054 1798 1269 1848 pastoralis
1309 1799 1526 1836 auctoritas

263 1864 489 1913 perfecerit,
533 1865 613 1903 dici
655 1878 740 1903 non
785 1867 921 1914 potest
968 1867 1173 1914 quantum
1211 1864 1288 1901 tibi
1326 1877 1526 1913 supernae

264 1930 464 1968 mercedis
494 1930 601 1979 apud
636 1930 849 1969 Pastorem
886 1932 1099 1980 pastorum
1139 1929 1210 1967 inS
1246 1930 1386 1967 futuro
1418 1943 1528 1978 prae-

263 1995 480 2044 paraueris.
542 1996 705 2044 Quanto
743 1996 857 2034 enim
895 1995 1048 2034 rariora
1092 1995 1216 2033 huius
1260 1995 1527 2033 sacratissimi

264 2061 398 2110 operis
432 2061 477 2098 in
509 2061 708 2111 episcopis
738 2063 903 2099 nostrae
936 2060 1071 2111 gentis
1104 2060 1293 2110 exempla
1331 2061 1523 2110 repperis,

263 2128 379 2164 tanto
410 2127 555 2165 altiora
585 2127 806 2176 singularis
835 2127 976 2165 meriti
1004 2126 1211 2176 praemia⁹
1239 2126 1434 2175 recipies3
1465 2130 1526 2165 ut·

265 2194 359 2241 pote
373 2192 443 2241 qui
458 2192 661 2242 populum
675 2192 752 2230 Dei
764 2206 837 2242 per
849 2192 1034 2230 crebram
1049 2192 1229 2242 symboli
1244 2192 1312 2230 uel
1329 2192 1527 2230 orationis

266 2270 398 2295 sacrae
428 2257 761 2296 decantationem
792 2259 844 2296 ad
869 2258 1141 2306 intellectum,
1170 2271 1364 2305 amorem,
1396 2271 1522 2307 spem,

265 2322 402 2371 fidem,
432 2325 473 2361 et
499 2323 813 2373 inquisitionem
844 2325 1080 2371 eorundem,
1107 2337 1209 2373 quae
1240 2324 1522 2372 decantantur,

265 2388 501 2426 caelestium
532 2389 748 2437 donorum,
781 2391 951 2438 paterna
983 2389 1135 2438 pietate
1163 2402 1208 2427 ac
1247 2389 1526 2427 sollicitudine

308 2491 317 2509 ¹
343 2492 430 2523 haec
446 2503 503 2524 om.
524 2493 572 2524 M.
711 2493 722 2510 ²
746 2493 813 2524 -les
829 2493 877 2525 H.
1006 2493 1017 2510 ³
1040 2493 1262 2531 anglicorum
1279 2493 1324 2524 M.
1457 2492 1468 2509 ⁴²
1492 2495 1527 2523 et

265 2554 324 2574 om.
341 2543 389 2574 H.
501 2545 512 2562 ⁵
534 2555 615 2576 uen.
636 2544 731 2576 diab.
749 2545 796 2576 M.
928 2544 940 2562 ⁶
963 2547 1042 2576 astu
1060 2555 1118 2576 om.
1136 2545 1183 2577 M.
1319 2544 1330 2561 ⁷
1356 2545 1449 2576 flect-
1467 2544 1528 2577 H1.

266 2596 277 2612 ²¹
298 2597 338 2627 in
355 2606 413 2628 om.
434 2596 481 2629 M.
612 2597 625 2616 ⁹
648 2598 807 2637 praemia
823 2607 882 2629 om.
900 2597 947 2629 H.

1551 1744 1617 1772 The
1632 1753 1704 1779 pro-

1550 1784 1647 1811 mises
1662 1784 1729 1811 and

1549 1824 1719 1851 threaten-

1550 1863 1624 1898 ings
1638 1862 1675 1890 of

1552 1902 1728 1937 Scripture.
