<?xml version="1.0" encoding="UTF-8"?>
<!DOCTYPE html PUBLIC "-//W3C//DTD XHTML 1.0 Transitional//EN"
    "http://www.w3.org/TR/xhtml1/DTD/xhtml1-transitional.dtd">
<html xmlns="http://www.w3.org/1999/xhtml" xml:lang="en" lang="en">
 <head>
  <title>
</title>
<meta http-equiv="Content-Type" content="text/html;charset=utf-8" />
  <meta name='ocr-system' content='tesseract 3.04.00' />
  <meta name='ocr-capabilities' content='ocr_page ocr_carea ocr_par ocr_line ocrx_word'/>
</head>
<body>
  <div class='ocr_page' id='page_1' title='image "./venerabilisbaeda00bedeuoft_0288.png"; bbox 0 0 1803 2887; ppageno 0'>
   <div class='ocr_carea' id='block_1_1' title="bbox 65 960 269 1112">
    <p class='ocr_par' dir='ltr' id='par_1_1' title="bbox 65 960 269 1112">
     <span class='ocr_line' id='line_1_1' title="bbox 66 960 238 986; baseline -0.006 0"><span class='ocrx_word' id='word_1_1' title='bbox 66 960 238 986; x_wconf 85' lang='lat' dir='ltr'>Consecra-</span> 
     </span>
     <span class='ocr_line' id='line_1_2' title="bbox 65 998 187 1025; baseline 0.008 -1"><span class='ocrx_word' id='word_1_2' title='bbox 65 998 135 1025; x_wconf 83' lang='lat' dir='ltr'>tiou</span> <span class='ocrx_word' id='word_1_3' title='bbox 151 998 187 1025; x_wconf 81' lang='lat' dir='ltr'>of</span> 
     </span>
     <span class='ocr_line' id='line_1_3' title="bbox 67 1037 235 1066; baseline 0.006 -2"><span class='ocrx_word' id='word_1_4' title='bbox 67 1037 235 1066; x_wconf 59' lang='lat' dir='ltr'>Paulinus</span> 
     </span>
     <span class='ocr_line' id='line_1_4' title="bbox 66 1077 269 1112; baseline 0.005 -9"><span class='ocrx_word' id='word_1_5' title='bbox 66 1077 145 1110; x_wconf 78' lang='lat' dir='ltr'>July</span> <span class='ocrx_word' id='word_1_6' title='bbox 157 1087 197 1112; x_wconf 76' lang='lat'>21,</span> <span class='ocrx_word' id='word_1_7' title='bbox 210 1078 269 1111; x_wconf 67' lang='lat'>625.</span> 
     </span>
    </p>
   </div>
   <div class='ocr_carea' id='block_1_2' title="bbox 59 2398 251 2505">
    <p class='ocr_par' dir='ltr' id='par_1_2' title="bbox 59 2398 251 2505">
     <span class='ocr_line' id='line_1_5' title="bbox 60 2398 251 2443; baseline 0.005 -18"><span class='ocrx_word' id='word_1_8' title='bbox 60 2398 251 2443; x_wconf 56' lang='lat' dir='ltr'>Attenipted</span> 
     </span>
     <span class='ocr_line' id='line_1_6' title="bbox 59 2446 233 2465; baseline 0 0"><span class='ocrx_word' id='word_1_9' title='bbox 59 2446 233 2465; x_wconf 76' lang='lat' dir='ltr'>assassina-</span> 
     </span>
     <span class='ocr_line' id='line_1_7' title="bbox 59 2477 178 2505; baseline 0.008 -2"><span class='ocrx_word' id='word_1_10' title='bbox 59 2482 71 2503; x_wconf 82' lang='lat'><em>†</em></span> <span class='ocrx_word' id='word_1_11' title='bbox 78 2478 130 2505; x_wconf 75' lang='lat' dir='ltr'>ion</span> <span class='ocrx_word' id='word_1_12' title='bbox 146 2477 178 2504; x_wconf 77' lang='lat' dir='ltr'>Of</span> 
     </span>
    </p>
   </div>
   <div class='ocr_carea' id='block_1_3' title="bbox 296 181 1551 232">
    <p class='ocr_par' dir='ltr' id='par_1_3' title="bbox 296 181 1551 232">
     <span class='ocr_line' id='line_1_8' title="bbox 296 181 1551 232; baseline 0.002 -12"><span class='ocrx_word' id='word_1_13' title='bbox 296 181 350 220; x_wconf 83' lang='lat'>98</span> <span class='ocrx_word' id='word_1_14' title='bbox 590 195 592 198; x_wconf 71' lang='grc'>’</span> <span class='ocrx_word' id='word_1_15' title='bbox 654 182 706 222; x_wconf 85' lang='lat' dir='ltr'><em>H</em></span> <span class='ocrx_word' id='word_1_16' title='bbox 708 182 863 224; x_wconf 66' lang='lat' dir='ltr'>istoria</span> <span class='ocrx_word' id='word_1_17' title='bbox 893 183 1197 225; x_wconf 68' lang='lat' dir='ltr'>Ecclesiccstica</span> <span class='ocrx_word' id='word_1_18' title='bbox 1405 190 1489 232; x_wconf 75' lang='lat' dir='ltr'>[Lm.</span> <span class='ocrx_word' id='word_1_19' title='bbox 1507 193 1551 223; x_wconf 88' lang='grc' dir='ltr'>ΙΙ.</span> 
     </span>
    </p>
   </div>
   <div class='ocr_carea' id='block_1_4' title="bbox 290 299 1554 2510">
    <p class='ocr_par' dir='ltr' id='par_1_4' title="bbox 294 299 1553 926">
     <span class='ocr_line' id='line_1_9' title="bbox 297 299 1552 349; baseline 0.001 -13"><span class='ocrx_word' id='word_1_20' title='bbox 297 299 365 348; x_wconf 88' lang='lat' dir='ltr'>qui</span> <span class='ocrx_word' id='word_1_21' title='bbox 386 300 473 337; x_wconf 87' lang='lat' dir='ltr'>ueri</span> <span class='ocrx_word' id='word_1_22' title='bbox 499 300 575 338; x_wconf 90' lang='lat' dir='ltr'>Dei</span> <span class='ocrx_word' id='word_1_23' title='bbox 604 301 739 338; x_wconf 86' lang='lat' dir='ltr'>cultus</span> <span class='ocrx_word' id='word_1_24' title='bbox 765 303 871 338; x_wconf 86' lang='lat' dir='ltr'>esset</span> <span class='ocrx_word' id='word_1_25' title='bbox 898 313 1063 349; x_wconf 81' lang='lat' dir='ltr'>prorsus</span> <span class='ocrx_word' id='word_1_26' title='bbox 1088 299 1264 348; x_wconf 80' lang='lat' dir='ltr'>ignarus.</span> <span class='ocrx_word' id='word_1_27' title='bbox 1326 299 1436 346; x_wconf 80' lang='lat' dir='ltr'>Quae</span> <span class='ocrx_word' id='word_1_28' title='bbox 1457 312 1552 337; x_wconf 90' lang='lat' dir='ltr'>cum</span> 
     </span>
     <span class='ocr_line' id='line_1_10' title="bbox 294 365 1552 414; baseline 0 -12"><span class='ocrx_word' id='word_1_29' title='bbox 294 366 487 404; x_wconf 84' lang='lat' dir='ltr'>Aeduino</span> <span class='ocrx_word' id='word_1_30' title='bbox 508 367 631 404; x_wconf 85' lang='lat' dir='ltr'>uerba</span> <span class='ocrx_word' id='word_1_31' title='bbox 651 366 788 404; x_wconf 89' lang='lat' dir='ltr'>nuntii</span> <span class='ocrx_word' id='word_1_32' title='bbox 812 367 1009 404; x_wconf 71' lang='lat' dir='ltr'>referrent</span> <span class='ocrx_word' id='word_1_33' title='bbox 1025 365 1046 413; x_wconf 84' lang='lat'>¹,</span> <span class='ocrx_word' id='word_1_34' title='bbox 1073 365 1261 414; x_wconf 89' lang='lat' dir='ltr'>promisit</span> <span class='ocrx_word' id='word_1_35' title='bbox 1282 378 1325 402; x_wconf 89' lang='lat' dir='ltr'>se</span> <span class='ocrx_word' id='word_1_36' title='bbox 1345 365 1404 402; x_wconf 89' lang='lat' dir='ltr'>nil</span> <span class='ocrx_word' id='word_1_37' title='bbox 1425 365 1552 403; x_wconf 88' lang='lat' dir='ltr'>omni-</span> 
     </span>
     <span class='ocr_line' id='line_1_11' title="bbox 294 430 1548 479; baseline -0.001 -11"><span class='ocrx_word' id='word_1_38' title='bbox 294 431 430 469; x_wconf 91' lang='lat' dir='ltr'>modis</span> <span class='ocrx_word' id='word_1_39' title='bbox 446 432 696 469; x_wconf 83' lang='lat' dir='ltr'>contrarium</span> <span class='ocrx_word' id='word_1_40' title='bbox 713 432 968 470; x_wconf 73' lang='lat' dir='ltr'>Christianae</span> <span class='ocrx_word' id='word_1_41' title='bbox 984 431 1090 478; x_wconf 87' lang='lat' dir='ltr'>fidei,</span> <span class='ocrx_word' id='word_1_42' title='bbox 1110 444 1233 479; x_wconf 85' lang='lat' dir='ltr'>quam</span> <span class='ocrx_word' id='word_1_43' title='bbox 1249 430 1364 479; x_wconf 89' lang='lat' dir='ltr'>uirgo</span> <span class='ocrx_word' id='word_1_44' title='bbox 1381 430 1548 478; x_wconf 83' lang='lat' dir='ltr'>colebat,</span> 
     </span>
     <span class='ocr_line' id='line_1_12' title="bbox 295 496 1552 546; baseline 0 -13"><span class='ocrx_word' id='word_1_45' title='bbox 295 509 381 533; x_wconf 89' lang='lat' dir='ltr'>esse</span> <span class='ocrx_word' id='word_1_46' title='bbox 419 497 652 544; x_wconf 75' lang='lat' dir='ltr'>faotu1·um;</span> <span class='ocrx_word' id='word_1_47' title='bbox 692 497 791 546; x_wconf 91' lang='lat' dir='ltr'>quin</span> <span class='ocrx_word' id='word_1_48' title='bbox 830 497 965 546; x_wconf 85' lang='lat' dir='ltr'>potius</span> <span class='ocrx_word' id='word_1_49' title='bbox 1003 496 1311 545; x_wconf 85' lang='lat' dir='ltr'>permissurum,</span> <span class='ocrx_word' id='word_1_50' title='bbox 1347 497 1393 533; x_wconf 90' lang='lat' dir='ltr'>ut</span> <span class='ocrx_word' id='word_1_51' title='bbox 1426 496 1552 533; x_wconf 88' lang='lat' dir='ltr'>fidem</span> 
     </span>
     <span class='ocr_line' id='line_1_13' title="bbox 295 561 1552 611; baseline 0 -12"><span class='ocrx_word' id='word_1_52' title='bbox 295 561 535 610; x_wconf 80' lang='lat' dir='ltr'>cultumque</span> <span class='ocrx_word' id='word_1_53' title='bbox 568 575 662 599; x_wconf 85' lang='lat' dir='ltr'>suae</span> <span class='ocrx_word' id='word_1_54' title='bbox 695 562 903 611; x_wconf 79' lang='lat' dir='ltr'>religionis</span> <span class='ocrx_word' id='word_1_55' title='bbox 937 576 1030 599; x_wconf 88' lang='lat' dir='ltr'>cum</span> <span class='ocrx_word' id='word_1_56' title='bbox 1066 561 1268 609; x_wconf 85' lang='lat' dir='ltr'>omnibus,</span> <span class='ocrx_word' id='word_1_57' title='bbox 1308 561 1379 610; x_wconf 89' lang='lat' dir='ltr'>qui</span> <span class='ocrx_word' id='word_1_58' title='bbox 1413 574 1552 599; x_wconf 88' lang='lat' dir='ltr'>secum</span> 
     </span>
     <span class='ocr_line' id='line_1_14' title="bbox 294 626 1547 675; baseline 0.001 -12"><span class='ocrx_word' id='word_1_59' title='bbox 294 627 516 675; x_wconf 80' lang='lat' dir='ltr'>uenissent,</span> <span class='ocrx_word' id='word_1_60' title='bbox 542 627 642 664; x_wconf 90' lang='lat' dir='ltr'>uiris</span> <span class='ocrx_word' id='word_1_61' title='bbox 659 627 745 665; x_wconf 89' lang='lat' dir='ltr'>siue</span> <span class='ocrx_word' id='word_1_62' title='bbox 760 628 938 674; x_wconf 84' lang='lat' dir='ltr'>feminis,</span> <span class='ocrx_word' id='word_1_63' title='bbox 956 626 1232 664; x_wconf 82' lang='lat' dir='ltr'>sacerdotibus</span> <span class='ocrx_word' id='word_1_64' title='bbox 1247 639 1316 663; x_wconf 87' lang='lat' dir='ltr'>seu</span> <span class='ocrx_word' id='word_1_65' title='bbox 1333 626 1547 673; x_wconf 73' lang='lat' dir='ltr'>ministris,</span> 
     </span>
     <span class='ocr_line' id='line_1_15' title="bbox 296 691 1552 741; baseline 0.001 -13"><span class='ocrx_word' id='word_1_66' title='bbox 296 705 409 729; x_wconf 88' lang='lat' dir='ltr'>more</span> <span class='ocrx_word' id='word_1_67' title='bbox 433 692 664 730; x_wconf 84' lang='lat' dir='ltr'>Christiano</span> <span class='ocrx_word' id='word_1_68' title='bbox 690 695 878 731; x_wconf 85' lang='lat' dir='ltr'>seruaret.</span> <span class='ocrx_word' id='word_1_69' title='bbox 941 692 1081 741; x_wconf 83' lang='lat' dir='ltr'>Neque</span> <span class='ocrx_word' id='word_1_70' title='bbox 1109 691 1327 741; x_wconf 84' lang='lat' dir='ltr'>abnegauit</span> <span class='ocrx_word' id='word_1_71' title='bbox 1357 705 1399 729; x_wconf 91' lang='lat' dir='ltr'>se</span> <span class='ocrx_word' id='word_1_72' title='bbox 1429 691 1552 729; x_wconf 86' lang='lat' dir='ltr'>etiam</span> 
     </span>
     <span class='ocr_line' id='line_1_16' title="bbox 295 757 1553 807; baseline 0.001 -13"><span class='ocrx_word' id='word_1_73' title='bbox 295 758 467 795; x_wconf 84' lang='lat' dir='ltr'>eandem</span> <span class='ocrx_word' id='word_1_74' title='bbox 494 758 730 796; x_wconf 82' lang='lat' dir='ltr'>subiturum</span> <span class='ocrx_word' id='word_1_75' title='bbox 760 772 846 796; x_wconf 88' lang='lat' dir='ltr'>esse</span> <span class='ocrx_word' id='word_1_76' title='bbox 875 758 1143 807; x_wconf 87' lang='lat' dir='ltr'>religionem;</span> <span class='ocrx_word' id='word_1_77' title='bbox 1175 757 1209 794; x_wconf 86' lang='lat' dir='ltr'>si</span> <span class='ocrx_word' id='word_1_78' title='bbox 1238 759 1378 795; x_wconf 80' lang='lat' dir='ltr'>tamen</span> <span class='ocrx_word' id='word_1_79' title='bbox 1408 757 1553 795; x_wconf 83' lang='lat' dir='ltr'>exami-</span> 
     </span>
     <span class='ocr_line' id='line_1_17' title="bbox 296 822 1551 872; baseline 0.002 -13"><span class='ocrx_word' id='word_1_80' title='bbox 296 824 393 860; x_wconf 85' lang='lat' dir='ltr'>nata</span> <span class='ocrx_word' id='word_1_81' title='bbox 430 836 453 860; x_wconf 82' lang='lat' dir='ltr'>a</span> <span class='ocrx_word' id='word_1_82' title='bbox 490 824 761 872; x_wconf 71' lang='lat' dir='ltr'>prudentibus</span> <span class='ocrx_word' id='word_1_83' title='bbox 799 824 977 862; x_wconf 85' lang='lat' dir='ltr'>sanctior</span> <span class='ocrx_word' id='word_1_84' title='bbox 1013 837 1056 861; x_wconf 87' lang='lat' dir='ltr'>ac</span> <span class='ocrx_word' id='word_1_85' title='bbox 1092 824 1177 861; x_wconf 92' lang='lat' dir='ltr'>Deo</span> <span class='ocrx_word' id='word_1_86' title='bbox 1216 822 1378 872; x_wconf 80' lang='lat' dir='ltr'>dignior</span> <span class='ocrx_word' id='word_1_87' title='bbox 1415 826 1551 872; x_wconf 85' lang='lat' dir='ltr'>posset</span> 
     </span>
     <span class='ocr_line' id='line_1_18' title="bbox 294 887 484 926; baseline 0.011 -2"><span class='ocrx_word' id='word_1_88' title='bbox 294 887 484 926; x_wconf 87' lang='lat' dir='ltr'>inueniri.</span> 
     </span>
    </p>

    <p class='ocr_par' dir='ltr' id='par_1_5' title="bbox 295 953 1554 1321">
     <span class='ocr_line' id='line_1_19' title="bbox 351 953 1547 1004; baseline 0 -13"><span class='ocrx_word' id='word_1_89' title='bbox 351 954 495 1003; x_wconf 84' lang='lat' dir='ltr'>Itaque</span> <span class='ocrx_word' id='word_1_90' title='bbox 524 955 781 1004; x_wconf 71' lang='lat' dir='ltr'>promittitur</span> <span class='ocrx_word' id='word_1_91' title='bbox 815 956 940 1004; x_wconf 87' lang='lat' dir='ltr'>uirgo,</span> <span class='ocrx_word' id='word_1_92' title='bbox 975 958 1096 1004; x_wconf 86' lang='lat' dir='ltr'>atque</span> <span class='ocrx_word' id='word_1_93' title='bbox 1124 953 1330 992; x_wconf 73' lang='lat' dir='ltr'>AEduino²</span> <span class='ocrx_word' id='word_1_94' title='bbox 1354 954 1547 1002; x_wconf 81' lang='lat' dir='ltr'>mittitur,</span> 
     </span>
     <span class='ocr_line' id='line_1_20' title="bbox 295 1019 1554 1070; baseline 0.001 -13"><span class='ocrx_word' id='word_1_95' title='bbox 295 1021 336 1056; x_wconf 87' lang='lat' dir='ltr'>et</span> <span class='ocrx_word' id='word_1_96' title='bbox 368 1019 483 1058; x_wconf 83' lang='lat' dir='ltr'>iuxta</span> <span class='ocrx_word' id='word_1_97' title='bbox 512 1021 620 1069; x_wconf 88' lang='lat' dir='ltr'>quod</span> <span class='ocrx_word' id='word_1_98' title='bbox 653 1021 898 1070; x_wconf 86' lang='lat' dir='ltr'>dispositum</span> <span class='ocrx_word' id='word_1_99' title='bbox 927 1022 1070 1068; x_wconf 85' lang='lat' dir='ltr'>fuerat,</span> <span class='ocrx_word' id='word_1_100' title='bbox 1096 1021 1310 1059; x_wconf 87' lang='lat' dir='ltr'>ordinatur</span> <span class='ocrx_word' id='word_1_101' title='bbox 1339 1021 1554 1070; x_wconf 87' lang='lat' dir='ltr'>episcopus</span> 
     </span>
     <span class='ocr_line' id='line_1_21' title="bbox 297 1085 1553 1136; baseline 0.002 -15"><span class='ocrx_word' id='word_1_102' title='bbox 297 1085 360 1122; x_wconf 90' lang='lat' dir='ltr'>uir</span> <span class='ocrx_word' id='word_1_103' title='bbox 382 1086 467 1123; x_wconf 77' lang='lat' dir='ltr'>Deo</span> <span class='ocrx_word' id='word_1_104' title='bbox 488 1086 660 1124; x_wconf 83' lang='lat' dir='ltr'>dilectus</span> <span class='ocrx_word' id='word_1_105' title='bbox 677 1087 888 1134; x_wconf 81' lang='lat' dir='ltr'>Paulinus,</span> <span class='ocrx_word' id='word_1_106' title='bbox 909 1087 979 1136; x_wconf 88' lang='lat' dir='ltr'>qui</span> <span class='ocrx_word' id='word_1_107' title='bbox 992 1101 1085 1124; x_wconf 88' lang='lat' dir='ltr'>cum</span> <span class='ocrx_word' id='word_1_108' title='bbox 1107 1087 1176 1124; x_wconf 84' lang='lat' dir='ltr'>illa</span> <span class='ocrx_word' id='word_1_109' title='bbox 1192 1087 1363 1134; x_wconf 89' lang='lat' dir='ltr'>ueniret,</span> <span class='ocrx_word' id='word_1_110' title='bbox 1381 1099 1553 1135; x_wconf 83' lang='lat' dir='ltr'>eamque</span> 
     </span>
     <span class='ocr_line' id='line_1_22' title="bbox 296 1151 1547 1202; baseline 0.002 -14"><span class='ocrx_word' id='word_1_111' title='bbox 296 1153 336 1188; x_wconf 90' lang='lat' dir='ltr'>et</span> <span class='ocrx_word' id='word_1_112' title='bbox 357 1152 527 1189; x_wconf 75' lang='lat' dir='ltr'>comites</span> <span class='ocrx_word' id='word_1_113' title='bbox 547 1152 645 1199; x_wconf 85' lang='lat' dir='ltr'>eius,</span> <span class='ocrx_word' id='word_1_114' title='bbox 670 1166 720 1189; x_wconf 84' lang='lat' dir='ltr'>ne</span> <span class='ocrx_word' id='word_1_115' title='bbox 740 1166 991 1202; x_wconf 82' lang='lat' dir='ltr'>paganorum</span> <span class='ocrx_word' id='word_1_116' title='bbox 1011 1155 1177 1201; x_wconf 83' lang='lat' dir='ltr'>possent</span> <span class='ocrx_word' id='word_1_117' title='bbox 1198 1152 1387 1190; x_wconf 82' lang='lat' dir='ltr'>societate</span> <span class='ocrx_word' id='word_1_118' title='bbox 1407 1151 1547 1201; x_wconf 87' lang='lat' dir='ltr'>pollui,</span> 
     </span>
     <span class='ocr_line' id='line_1_23' title="bbox 296 1217 1552 1264; baseline 0.001 -10"><span class='ocrx_word' id='word_1_119' title='bbox 296 1217 500 1255; x_wconf 83' lang='lat' dir='ltr'>cotidiana</span> <span class='ocrx_word' id='word_1_120' title='bbox 530 1220 570 1256; x_wconf 92' lang='lat' dir='ltr'>et</span> <span class='ocrx_word' id='word_1_121' title='bbox 583 1218 594 1235; x_wconf 58' lang='lat'>³³·</span> <span class='ocrx_word' id='word_1_122' title='bbox 628 1218 920 1264; x_wconf 80' lang='lat' dir='ltr'>exhortatione,</span> <span class='ocrx_word' id='word_1_123' title='bbox 955 1220 995 1256; x_wconf 85' lang='lat' dir='ltr'>et</span> <span class='ocrx_word' id='word_1_124' title='bbox 1029 1220 1379 1256; x_wconf 81' lang='lat' dir='ltr'>sacramentorum</span> <span class='ocrx_word' id='word_1_125' title='bbox 1409 1217 1552 1255; x_wconf 86' lang='lat' dir='ltr'>caeles·</span> 
     </span>
     <span class='ocr_line' id='line_1_24' title="bbox 295 1282 984 1321; baseline 0.001 -2"><span class='ocrx_word' id='word_1_126' title='bbox 295 1282 401 1319; x_wconf 89' lang='lat' dir='ltr'>tium</span> <span class='ocrx_word' id='word_1_127' title='bbox 423 1283 693 1320; x_wconf 83' lang='lat' dir='ltr'>celebratione</span> <span class='ocrx_word' id='word_1_128' title='bbox 713 1283 984 1321; x_wconf 82' lang='lat' dir='ltr'>confirmaret.</span> 
     </span>
    </p>

    <p class='ocr_par' dir='ltr' id='par_1_6' title="bbox 290 1348 1552 2367">
     <span class='ocr_line' id='line_1_25' title="bbox 350 1348 1552 1397; baseline 0.001 -12"><span class='ocrx_word' id='word_1_129' title='bbox 350 1348 573 1386; x_wconf 85' lang='lat' dir='ltr'>Ordinatus</span> <span class='ocrx_word' id='word_1_130' title='bbox 611 1350 670 1386; x_wconf 81' lang='lat' dir='ltr'>est</span> <span class='ocrx_word' id='word_1_131' title='bbox 708 1350 846 1386; x_wconf 87' lang='lat' dir='ltr'>autem</span> <span class='ocrx_word' id='word_1_132' title='bbox 885 1349 1086 1387; x_wconf 78' lang='lat' dir='ltr'>Paulinus</span> <span class='ocrx_word' id='word_1_133' title='bbox 1125 1349 1336 1397; x_wconf 86' lang='lat' dir='ltr'>episcopus</span> <span class='ocrx_word' id='word_1_134' title='bbox 1373 1362 1396 1386; x_wconf 86' lang='lat' dir='ltr'>a</span> <span class='ocrx_word' id='word_1_135' title='bbox 1435 1349 1552 1387; x_wconf 89' lang='lat' dir='ltr'>Iusto</span> 
     </span>
     <span class='ocr_line' id='line_1_26' title="bbox 293 1413 1546 1463; baseline 0.001 -13"><span class='ocrx_word' id='word_1_136' title='bbox 293 1413 603 1462; x_wconf 75' lang='lat' dir='ltr'>archiepiscopo,</span> <span class='ocrx_word' id='word_1_137' title='bbox 632 1414 708 1451; x_wconf 84' lang='lat' dir='ltr'>sub</span> <span class='ocrx_word' id='word_1_138' title='bbox 737 1413 803 1451; x_wconf 89' lang='lat' dir='ltr'>die</span> <span class='ocrx_word' id='word_1_139' title='bbox 830 1414 918 1451; x_wconf 84' lang='lat' dir='ltr'>XII</span> <span class='ocrx_word' id='word_1_140' title='bbox 949 1414 1229 1451; x_wconf 72' lang='lat' dir='ltr'>Kalendarum</span> <span class='ocrx_word' id='word_1_141' title='bbox 1253 1415 1546 1463; x_wconf 82' lang='lat' dir='ltr'>Augustarum,</span> 
     </span>
     <span class='ocr_line' id='line_1_27' title="bbox 294 1479 1551 1527; baseline 0.002 -12"><span class='ocrx_word' id='word_1_142' title='bbox 294 1491 402 1516; x_wconf 83' lang='lat' dir='ltr'>anno</span> <span class='ocrx_word' id='word_1_143' title='bbox 431 1479 482 1516; x_wconf 84' lang='lat' dir='ltr'>ab</span> <span class='ocrx_word' id='word_1_144' title='bbox 510 1479 790 1516; x_wconf 77' lang='lat' dir='ltr'>incarnatione</span> <span class='ocrx_word' id='word_1_145' title='bbox 828 1479 997 1516; x_wconf 87' lang='lat' dir='ltr'>Domini</span> <span class='ocrx_word' id='word_1_146' title='bbox 1027 1480 1249 1527; x_wconf 83' lang='lat' dir='ltr'>DCXXV;</span> <span class='ocrx_word' id='word_1_147' title='bbox 1288 1481 1327 1517; x_wconf 84' lang='lat' dir='ltr'>et</span> <span class='ocrx_word' id='word_1_148' title='bbox 1360 1480 1416 1517; x_wconf 85' lang='lat' dir='ltr'>sic</span> <span class='ocrx_word' id='word_1_149' title='bbox 1456 1493 1551 1517; x_wconf 92' lang='lat' dir='ltr'>cum</span> 
     </span>
     <span class='ocr_line' id='line_1_28' title="bbox 292 1544 1552 1594; baseline 0.001 -13"><span class='ocrx_word' id='word_1_150' title='bbox 292 1544 472 1592; x_wconf 83' lang='lat' dir='ltr'>praefata</span> <span class='ocrx_word' id='word_1_151' title='bbox 510 1544 670 1593; x_wconf 89' lang='lat' dir='ltr'>uirgine</span> <span class='ocrx_word' id='word_1_152' title='bbox 700 1545 749 1582; x_wconf 89' lang='lat' dir='ltr'>ad</span> <span class='ocrx_word' id='word_1_153' title='bbox 784 1558 920 1593; x_wconf 85' lang='lat' dir='ltr'>regem</span> <span class='ocrx_word' id='word_1_154' title='bbox 960 1544 1229 1582; x_wconf 77' lang='lat' dir='ltr'>Aeduinum2</span> <span class='ocrx_word' id='word_1_155' title='bbox 1264 1545 1378 1594; x_wconf 81' lang='lat' dir='ltr'>quasi</span> <span class='ocrx_word' id='word_1_156' title='bbox 1416 1558 1552 1583; x_wconf 90' lang='lat' dir='ltr'>comes</span> 
     </span>
     <span class='ocr_line' id='line_1_29' title="bbox 293 1610 1551 1660; baseline 0.001 -13"><span class='ocrx_word' id='word_1_157' title='bbox 293 1610 460 1659; x_wconf 81' lang='lat' dir='ltr'>copulae</span> <span class='ocrx_word' id='word_1_158' title='bbox 490 1611 663 1648; x_wconf 86' lang='lat' dir='ltr'>carnalis</span> <span class='ocrx_word' id='word_1_159' title='bbox 689 1610 866 1648; x_wconf 85' lang='lat' dir='ltr'>aduenit.</span> <span class='ocrx_word' id='word_1_160' title='bbox 926 1611 1004 1649; x_wconf 81' lang='lat' dir='ltr'>Sed</span> <span class='ocrx_word' id='word_1_161' title='bbox 1028 1611 1115 1659; x_wconf 91' lang='lat' dir='ltr'>ipse</span> <span class='ocrx_word' id='word_1_162' title='bbox 1143 1611 1279 1660; x_wconf 88' lang='lat' dir='ltr'>potius</span> <span class='ocrx_word' id='word_1_163' title='bbox 1302 1613 1389 1649; x_wconf 89' lang='lat' dir='ltr'>toto</span> <span class='ocrx_word' id='word_1_164' title='bbox 1413 1611 1551 1648; x_wconf 86' lang='lat' dir='ltr'>animo</span> 
     </span>
     <span class='ocr_line' id='line_1_30' title="bbox 292 1675 1550 1725; baseline 0.002 -13"><span class='ocrx_word' id='word_1_165' title='bbox 292 1675 523 1723; x_wconf 87' lang='lat' dir='ltr'>intendens,</span> <span class='ocrx_word' id='word_1_166' title='bbox 563 1678 609 1713; x_wconf 89' lang='lat' dir='ltr'>ut</span> <span class='ocrx_word' id='word_1_167' title='bbox 646 1678 823 1725; x_wconf 82' lang='lat' dir='ltr'>gentem,</span> <span class='ocrx_word' id='word_1_168' title='bbox 867 1689 990 1725; x_wconf 81' lang='lat' dir='ltr'>quani</span> <span class='ocrx_word' id='word_1_169' title='bbox 1023 1677 1171 1724; x_wconf 84' lang='lat' dir='ltr'>adibat,</span> <span class='ocrx_word' id='word_1_170' title='bbox 1209 1677 1259 1714; x_wconf 89' lang='lat' dir='ltr'>ad</span> <span class='ocrx_word' id='word_1_171' title='bbox 1297 1677 1550 1725; x_wconf 82' lang='lat' dir='ltr'>agnitionem</span> 
     </span>
     <span class='ocr_line' id='line_1_31' title="bbox 293 1740 1551 1791; baseline 0 -12"><span class='ocrx_word' id='word_1_172' title='bbox 293 1740 479 1779; x_wconf 83' lang='lat' dir='ltr'>ueritatis</span> <span class='ocrx_word' id='word_1_173' title='bbox 517 1742 731 1789; x_wconf 88' lang='lat' dir='ltr'>aduocans,</span> <span class='ocrx_word' id='word_1_174' title='bbox 768 1741 881 1779; x_wconf 79' lang='lat' dir='ltr'>iuxta</span> <span class='ocrx_word' id='word_1_175' title='bbox 919 1755 1061 1779; x_wconf 91' lang='lat' dir='ltr'>uocem</span> <span class='ocrx_word' id='word_1_176' title='bbox 1095 1742 1277 1791; x_wconf 83' lang='lat' dir='ltr'>apostoli,</span> <span class='ocrx_word' id='word_1_177' title='bbox 1316 1742 1391 1779; x_wconf 91' lang='lat' dir='ltr'>uni</span> <span class='ocrx_word' id='word_1_178' title='bbox 1429 1741 1551 1780; x_wconf 67' lang='lat' dir='ltr'>uero‘*</span> 
     </span>
     <span class='ocr_line' id='line_1_32' title="bbox 294 1806 1550 1857; baseline 0.002 -13"><span class='ocrx_word' id='word_1_179' title='bbox 294 1820 444 1856; x_wconf 90' lang='lat' dir='ltr'>sponso</span> <span class='ocrx_word' id='word_1_180' title='bbox 474 1806 680 1856; x_wconf 86' lang='lat' dir='ltr'>uirginem</span> <span class='ocrx_word' id='word_1_181' title='bbox 709 1809 861 1845; x_wconf 85' lang='lat' dir='ltr'>castam</span> <span class='ocrx_word' id='word_1_182' title='bbox 889 1807 1099 1845; x_wconf 80' lang='lat' dir='ltr'>exhiberet</span> <span class='ocrx_word' id='word_1_183' title='bbox 1129 1807 1302 1846; x_wconf 87' lang='lat' dir='ltr'>Christo.</span> <span class='ocrx_word' id='word_1_184' title='bbox 1364 1808 1550 1857; x_wconf 86' lang='lat' dir='ltr'>Cumque</span> 
     </span>
     <span class='ocr_line' id='line_1_33' title="bbox 293 1873 1545 1923; baseline 0.002 -14"><span class='ocrx_word' id='word_1_185' title='bbox 293 1873 336 1909; x_wconf 91' lang='lat' dir='ltr'>in</span> <span class='ocrx_word' id='word_1_186' title='bbox 365 1873 620 1921; x_wconf 88' lang='lat' dir='ltr'>prouinciam</span> <span class='ocrx_word' id='word_1_187' title='bbox 650 1873 842 1920; x_wconf 86' lang='lat' dir='ltr'>uenisset,</span> <span class='ocrx_word' id='word_1_188' title='bbox 875 1873 1073 1911; x_wconf 81' lang='lat' dir='ltr'>laborauit</span> <span class='ocrx_word' id='word_1_189' title='bbox 1102 1874 1295 1921; x_wconf 90' lang='lat' dir='ltr'>multum,</span> <span class='ocrx_word' id='word_1_190' title='bbox 1321 1875 1366 1911; x_wconf 90' lang='lat' dir='ltr'>ut</span> <span class='ocrx_word' id='word_1_191' title='bbox 1396 1875 1436 1911; x_wconf 89' lang='lat' dir='ltr'>et</span> <span class='ocrx_word' id='word_1_192' title='bbox 1465 1887 1545 1923; x_wconf 84' lang='lat' dir='ltr'>eos,</span> 
     </span>
     <span class='ocr_line' id='line_1_34' title="bbox 293 1937 1550 1989; baseline 0.002 -14"><span class='ocrx_word' id='word_1_193' title='bbox 293 1938 363 1986; x_wconf 88' lang='lat' dir='ltr'>qui</span> <span class='ocrx_word' id='word_1_194' title='bbox 401 1951 539 1976; x_wconf 88' lang='lat' dir='ltr'>secum</span> <span class='ocrx_word' id='word_1_195' title='bbox 577 1940 785 1986; x_wconf 85' lang='lat' dir='ltr'>uenerant,</span> <span class='ocrx_word' id='word_1_196' title='bbox 824 1952 876 1976; x_wconf 93' lang='lat' dir='ltr'>ne</span> <span class='ocrx_word' id='word_1_197' title='bbox 909 1952 932 1975; x_wconf 85' lang='lat' dir='ltr'>a</span> <span class='ocrx_word' id='word_1_198' title='bbox 965 1938 1045 1976; x_wconf 84' lang='lat' dir='ltr'>fide</span> <span class='ocrx_word' id='word_1_199' title='bbox 1079 1939 1309 1987; x_wconf 87' lang='lat' dir='ltr'>deficerent,</span> <span class='ocrx_word' id='word_1_200' title='bbox 1341 1937 1345 1989; x_wconf 72' lang='lat'><em>1</em></span> <span class='ocrx_word' id='word_1_201' title='bbox 1371 1940 1550 1978; x_wconf 91' lang='lat' dir='ltr'>Domino</span> 
     </span>
     <span class='ocr_line' id='line_1_35' title="bbox 291 1998 1550 2054; baseline 0.002 -14"><span class='ocrx_word' id='word_1_202' title='bbox 291 2003 511 2041; x_wconf 81' lang='lat' dir='ltr'>adiuuante</span> <span class='ocrx_word' id='word_1_203' title='bbox 542 2003 780 2051; x_wconf 88' lang='lat' dir='ltr'>contineret,</span> <span class='ocrx_word' id='word_1_204' title='bbox 823 2006 863 2042; x_wconf 87' lang='lat' dir='ltr'>et</span> <span class='ocrx_word' id='word_1_205' title='bbox 900 1998 1067 2052; x_wconf 85' lang='lat' dir='ltr'>aliquos,</span> <span class='ocrx_word' id='word_1_206' title='bbox 1101 2004 1134 2041; x_wconf 91' lang='lat' dir='ltr'>si</span> <span class='ocrx_word' id='word_1_207' title='bbox 1173 2004 1276 2041; x_wconf 88' lang='lat' dir='ltr'>forte</span> <span class='ocrx_word' id='word_1_208' title='bbox 1314 2007 1460 2054; x_wconf 84' lang='lat' dir='ltr'>posset,</span> <span class='ocrx_word' id='word_1_209' title='bbox 1500 2005 1550 2043; x_wconf 86' lang='lat' dir='ltr'>de</span> 
     </span>
     <span class='ocr_line' id='line_1_36' title="bbox 292 2069 1549 2119; baseline 0.002 -13"><span class='ocrx_word' id='word_1_210' title='bbox 292 2069 461 2117; x_wconf 83' lang='lat' dir='ltr'>paganis</span> <span class='ocrx_word' id='word_1_211' title='bbox 476 2070 526 2107; x_wconf 86' lang='lat' dir='ltr'>ad</span> <span class='ocrx_word' id='word_1_212' title='bbox 546 2069 642 2107; x_wconf 93' lang='lat' dir='ltr'>fidei</span> <span class='ocrx_word' id='word_1_213' title='bbox 662 2069 833 2118; x_wconf 85' lang='lat' dir='ltr'>gratiam</span> <span class='ocrx_word' id='word_1_214' title='bbox 854 2069 1122 2119; x_wconf 81' lang='lat' dir='ltr'>praedicando</span> <span class='ocrx_word' id='word_1_215' title='bbox 1144 2072 1409 2109; x_wconf 86' lang='lat' dir='ltr'>conuerteret.</span> <span class='ocrx_word' id='word_1_216' title='bbox 1471 2071 1549 2109; x_wconf 86' lang='lat' dir='ltr'>Sed</span> 
     </span>
     <span class='ocr_line' id='line_1_37' title="bbox 291 2133 1550 2184; baseline 0.002 -12"><span class='ocrx_word' id='word_1_217' title='bbox 291 2133 397 2172; x_wconf 85' lang='lat' dir='ltr'>sicut</span> <span class='ocrx_word' id='word_1_218' title='bbox 426 2135 633 2183; x_wconf 84' lang='lat' dir='ltr'>apostolus</span> <span class='ocrx_word' id='word_1_219' title='bbox 661 2135 728 2182; x_wconf 87' lang='lat' dir='ltr'>ait,</span> <span class='ocrx_word' id='word_1_220' title='bbox 754 2135 943 2183; x_wconf 86' lang='lat' dir='ltr'>quamuis</span> <span class='ocrx_word' id='word_1_221' title='bbox 972 2135 1104 2172; x_wconf 85' lang='lat' dir='ltr'>multo</span> <span class='ocrx_word' id='word_1_222' title='bbox 1130 2136 1314 2184; x_wconf 87' lang='lat' dir='ltr'>tempore</span> <span class='ocrx_word' id='word_1_223' title='bbox 1340 2136 1411 2174; x_wconf 88' lang='lat' dir='ltr'>illo</span> <span class='ocrx_word' id='word_1_224' title='bbox 1437 2136 1550 2174; x_wconf 86' lang='lat' dir='ltr'>labo-</span> 
     </span>
     <span class='ocr_line' id='line_1_38' title="bbox 291 2199 1550 2240; baseline 0.004 -5"><span class='ocrx_word' id='word_1_225' title='bbox 291 2201 408 2236; x_wconf 83' lang='lat' dir='ltr'>rante</span> <span class='ocrx_word' id='word_1_226' title='bbox 428 2199 471 2236; x_wconf 89' lang='lat' dir='ltr'>in</span> <span class='ocrx_word' id='word_1_227' title='bbox 493 2200 619 2237; x_wconf 87' lang='lat' dir='ltr'>uerbo</span> <span class='ocrx_word' id='word_1_228' title='bbox 637 2214 645 2238; x_wconf 72' lang='grc' dir='ltr'>ε</span> <span class='ocrx_word' id='word_1_229' title='bbox 681 2200 814 2237; x_wconf 86' lang='lat' dir='ltr'>‘Deus</span> <span class='ocrx_word' id='word_1_230' title='bbox 834 2200 982 2238; x_wconf 83' lang='lat' dir='ltr'>saeculi</span> <span class='ocrx_word' id='word_1_231' title='bbox 1001 2200 1123 2237; x_wconf 90' lang='lat' dir='ltr'>huius</span> <span class='ocrx_word' id='word_1_232' title='bbox 1144 2201 1370 2238; x_wconf 76' lang='lat' dir='ltr'>excaecauit</span> <span class='ocrx_word' id='word_1_233' title='bbox 1389 2204 1550 2240; x_wconf 84' lang='lat' dir='ltr'>mentes</span> 
     </span>
     <span class='ocr_line' id='line_1_39' title="bbox 290 2263 1549 2315; baseline 0.003 -15"><span class='ocrx_word' id='word_1_234' title='bbox 290 2263 532 2312; x_wconf 89' lang='lat' dir='ltr'>infidelium,</span> <span class='ocrx_word' id='word_1_235' title='bbox 558 2278 610 2302; x_wconf 92' lang='lat' dir='ltr'>ne</span> <span class='ocrx_word' id='word_1_236' title='bbox 630 2264 688 2302; x_wconf 91' lang='lat' dir='ltr'>eis</span> <span class='ocrx_word' id='word_1_237' title='bbox 701 2265 876 2314; x_wconf 87' lang='lat' dir='ltr'>fulgeret</span> <span class='ocrx_word' id='word_1_238' title='bbox 895 2265 1158 2303; x_wconf 87' lang='lat' dir='ltr'>inluminatio</span> <span class='ocrx_word' id='word_1_239' title='bbox 1178 2266 1380 2314; x_wconf 83' lang='lat' dir='ltr'>euangelii</span> <span class='ocrx_word' id='word_1_240' title='bbox 1399 2265 1549 2315; x_wconf 86' lang='lat' dir='ltr'>gloriae</span> 
     </span>
     <span class='ocr_line' id='line_1_40' title="bbox 291 2329 471 2367; baseline 0 -1"><span class='ocrx_word' id='word_1_241' title='bbox 291 2329 471 2367; x_wconf 62' lang='lat' dir='ltr'>Christi?</span> 
     </span>
    </p>

    <p class='ocr_par' dir='ltr' id='par_1_7' title="bbox 290 2395 1549 2510">
     <span class='ocr_line' id='line_1_41' title="bbox 345 2395 1549 2446; baseline 0.002 -14"><span class='ocrx_word' id='word_1_242' title='bbox 345 2395 471 2432; x_wconf 89' lang='lat' dir='ltr'>Anno</span> <span class='ocrx_word' id='word_1_243' title='bbox 497 2397 636 2432; x_wconf 85' lang='lat' dir='ltr'>autem</span> <span class='ocrx_word' id='word_1_244' title='bbox 663 2396 859 2443; x_wconf 87' lang='lat' dir='ltr'>sequente</span> <span class='ocrx_word' id='word_1_245' title='bbox 885 2395 1003 2433; x_wconf 90' lang='lat' dir='ltr'>uenit</span> <span class='ocrx_word' id='word_1_246' title='bbox 1026 2395 1070 2432; x_wconf 89' lang='lat' dir='ltr'>in</span> <span class='ocrx_word' id='word_1_247' title='bbox 1099 2396 1353 2444; x_wconf 85' lang='lat' dir='ltr'>prouinciam</span> <span class='ocrx_word' id='word_1_248' title='bbox 1381 2396 1549 2446; x_wconf 87' lang='lat' dir='ltr'>quidam</span> 
     </span>
     <span class='ocr_line' id='line_1_42' title="bbox 290 2459 1547 2510; baseline 0.002 -13"><span class='ocrx_word' id='word_1_249' title='bbox 290 2459 459 2497; x_wconf 86' lang='lat' dir='ltr'>sicarius</span> <span class='ocrx_word' id='word_1_250' title='bbox 485 2460 682 2498; x_wconf 82' lang='lat' dir='ltr'>uocabulo</span> <span class='ocrx_word' id='word_1_251' title='bbox 704 2461 867 2510; x_wconf 83' lang='lat' dir='ltr'>Eumer,</span> <span class='ocrx_word' id='word_1_252' title='bbox 892 2461 1043 2498; x_wconf 85' lang='lat' dir='ltr'>missus</span> <span class='ocrx_word' id='word_1_253' title='bbox 1062 2474 1085 2498; x_wconf 86' lang='lat' dir='ltr'>a</span> <span class='ocrx_word' id='word_1_254' title='bbox 1104 2474 1196 2510; x_wconf 88' lang='lat' dir='ltr'>rege</span> <span class='ocrx_word' id='word_1_255' title='bbox 1221 2462 1547 2500; x_wconf 83' lang='lat' dir='ltr'>Occidentalium</span> 
     </span>
    </p>
   </div>
   <div class='ocr_carea' id='block_1_5' title="bbox 288 2551 1549 2638">
    <p class='ocr_par' dir='ltr' id='par_1_8' title="bbox 288 2551 1549 2638">
     <span class='ocr_line' id='line_1_43' title="bbox 333 2551 1549 2594; baseline 0.002 -11"><span class='ocrx_word' id='word_1_256' title='bbox 333 2551 343 2567; x_wconf 76' lang='lat'>¹</span> <span class='ocrx_word' id='word_1_257' title='bbox 367 2553 520 2583; x_wconf 86' lang='lat' dir='ltr'>referent</span> <span class='ocrx_word' id='word_1_258' title='bbox 536 2552 594 2584; x_wconf 75' lang='lat' dir='ltr'>M1.</span> <span class='ocrx_word' id='word_1_259' title='bbox 677 2553 688 2571; x_wconf 78' lang='lat'><strong>²</strong></span> <span class='ocrx_word' id='word_1_260' title='bbox 711 2554 875 2594; x_wconf 87' lang='lat' dir='ltr'>eduuino,</span> <span class='ocrx_word' id='word_1_261' title='bbox 895 2564 997 2584; x_wconf 90' lang='lat' dir='ltr'>-num</span> <span class='ocrx_word' id='word_1_262' title='bbox 1015 2555 1040 2586; x_wconf 84' lang='lat' dir='ltr'>C</span> <span class='ocrx_word' id='word_1_263' title='bbox 1056 2565 1063 2592; x_wconf 91' lang='lat'>;</span> <span class='ocrx_word' id='word_1_264' title='bbox 1080 2554 1225 2593; x_wconf 86' lang='lat' dir='ltr'>eduino,</span> <span class='ocrx_word' id='word_1_265' title='bbox 1240 2565 1340 2585; x_wconf 88' lang='lat' dir='ltr'>-num</span> <span class='ocrx_word' id='word_1_266' title='bbox 1357 2555 1396 2586; x_wconf 92' lang='lat' dir='ltr'>B.</span> <span class='ocrx_word' id='word_1_267' title='bbox 1479 2554 1491 2572; x_wconf 84' lang='lat'>³</span> <span class='ocrx_word' id='word_1_268' title='bbox 1513 2557 1549 2586; x_wconf 82' lang='lat' dir='ltr'>et</span> 
     </span>
     <span class='ocr_line' id='line_1_44' title="bbox 288 2605 755 2638; baseline 0.006 -3"><span class='ocrx_word' id='word_1_269' title='bbox 288 2615 347 2635; x_wconf 82' lang='lat' dir='ltr'>om.</span> <span class='ocrx_word' id='word_1_270' title='bbox 364 2605 399 2636; x_wconf 88' lang='lat' dir='ltr'>C.</span> <span class='ocrx_word' id='word_1_271' title='bbox 504 2605 517 2624; x_wconf 76' lang='lat'>4</span> <span class='ocrx_word' id='word_1_272' title='bbox 540 2606 617 2636; x_wconf 90' lang='lat' dir='ltr'>uiro</span> <span class='ocrx_word' id='word_1_273' title='bbox 630 2605 688 2636; x_wconf 43' lang='grc' dir='ltr'>ΜΖ.</span> <span class='ocrx_word' id='word_1_274' title='bbox 707 2605 755 2638; x_wconf 78' lang='lat'>0².</span> 
     </span>
    </p>
   </div>
   <div class='ocr_carea' id='block_1_6' title="bbox 1573 1747 1731 1776">
    <p class='ocr_par' dir='ltr' id='par_1_9' title="bbox 1573 1747 1731 1776">
     <span class='ocr_line' id='line_1_45' title="bbox 1573 1747 1731 1776; baseline 0.013 -2"><span class='ocrx_word' id='word_1_275' title='bbox 1573 1757 1588 1774; x_wconf 84' lang='lat'><em>2</em></span> <span class='ocrx_word' id='word_1_276' title='bbox 1605 1747 1672 1776; x_wconf 87' lang='lat' dir='ltr'>Cor.</span> <span class='ocrx_word' id='word_1_277' title='bbox 1689 1748 1731 1776; x_wconf 83' lang='lat' dir='ltr'>xi.</span> 
     </span>
    </p>
   </div>
   <div class='ocr_carea' id='block_1_7' title="bbox 1572 1942 1686 1978">
    <p class='ocr_par' dir='ltr' id='par_1_10' title="bbox 1572 1942 1686 1978">
     <span class='ocr_line' id='line_1_46' title="bbox 1572 1942 1686 1978; baseline 0 -8"><span class='ocrx_word' id='word_1_278' title='bbox 1572 1942 1593 1970; x_wconf 82' lang='lat' dir='ltr'>f.</span> <span class='ocrx_word' id='word_1_279' title='bbox 1610 1952 1644 1978; x_wconf 80' lang='lat'>34</span> <span class='ocrx_word' id='word_1_280' title='bbox 1659 1952 1686 1971; x_wconf 89' lang='lat' dir='ltr'>a.</span> 
     </span>
    </p>
   </div>
   <div class='ocr_carea' id='block_1_8' title="bbox 1572 2208 1728 2238">
    <p class='ocr_par' dir='ltr' id='par_1_11' title="bbox 1572 2208 1728 2238">
     <span class='ocr_line' id='line_1_47' title="bbox 1572 2208 1728 2238; baseline -0.006 -2"><span class='ocrx_word' id='word_1_281' title='bbox 1572 2218 1587 2236; x_wconf 89' lang='lat'><em>2</em></span> <span class='ocrx_word' id='word_1_282' title='bbox 1603 2209 1671 2238; x_wconf 90' lang='lat' dir='ltr'>Cor.</span> <span class='ocrx_word' id='word_1_283' title='bbox 1688 2208 1728 2236; x_wconf 89' lang='lat' dir='ltr'>iv.</span> 
     </span>
    </p>
   </div>
  </div>
 </body>
</html>
