1788 2928
235 185 375 229 clxxii
611 184 836 227 Historiae
867 184 1191 226 Ecclesiasticae

235 283 299 302 ΓΑΡ.
1487 282 1550 300 PAG.

237 322 304 348 XV.
330 321 374 349 Ut
388 320 533 348 inuitata
552 319 756 348 Brittaniam
776 328 856 354 gens
875 319 1069 355 Anglorum,
1082 319 1189 354 primo
1207 320 1339 355 quidem
1361 320 1476 348 aduer-

354 359 456 388 sarios
475 359 606 394 longius
629 358 780 393 eiecerit3
802 359 858 386 sed
881 367 949 386 non
970 359 1076 386 multo
1097 362 1179 394 post,
1200 359 1312 387 iuncto
1329 368 1405 387 cum
1424 359 1477 387 his

353 399 491 434 foedere,
508 398 543 426 in
558 398 658 426 socios
672 406 765 425 arma
779 397 918 426 uerterit
930 419 936 424 .
1021 419 1027 426 .
1111 419 1117 426 .
1201 420 1207 426 .
1290 420 1297 426 .
1381 419 1387 426 .
1471 420 1477 426 .
1520 408 1555 433 30

237 450 323 477 XVI.
348 449 393 477 Ut
418 450 590 476 Brettones
614 448 757 483 primam
785 448 825 476 de
851 451 947 483 gente
971 448 1154 483 Anglorum
1181 449 1365 483 uictoriam,
1395 449 1476 477 duce

354 488 532 523 Ambrosio,
549 489 695 516 Romano
707 487 853 523 homine,
870 487 1049 515 sumserint
1113 509 1119 515 .
1203 509 1210 516 .
1292 509 1299 515 .
1382 509 1389 515 .
1472 509 1479 515 .
1523 498 1554 522 33

237 539 340 567 XVII.
365 539 410 566 Ut
431 539 618 566 Germanus
640 538 808 572 episcopus
829 547 905 566 cum
926 538 1017 573 Lupo
1032 538 1232 566 Brittaniam
1252 538 1427 573 nauigans,
1444 540 1477 566 et

352 578 459 612 primo
472 577 583 613 maris,
596 580 629 605 et
640 578 849 612 postmodum
860 577 1112 612 Pelagianorum
1124 579 1353 612 tempestatem
1362 577 1478 605 diuina

354 617 479 645 uirtute
494 616 658 645 sedauerit
747 637 754 644 .
837 637 844 644 .
927 637 934 644 .
1017 637 1024 644 .
1106 638 1113 644 .
1197 638 1203 645 .
1287 638 1293 645 .
1377 638 1384 644 .
1466 638 1473 645 .
1510 616 1553 644 ib.

237 667 358 695 XVIII.
383 667 427 694 Ut
441 667 529 694 idem
544 666 648 694 filiam
661 666 788 694 tribuni
809 675 940 694 caecam
959 666 1221 701 inluminauerit,
1238 676 1275 695 ac
1297 667 1416 694 deinde
1435 667 1478 694 ad

353 708 507 734 sanctum
524 706 692 734 Albanum
710 706 913 740 perueniens,
929 705 1084 740 reliquias
1104 706 1226 733 ibidem
1248 708 1280 734 et
1300 706 1404 740 ipsius
1427 715 1477 733 ac-

354 745 485 790 ceperit,
515 748 548 773 et
573 745 745 773 beatorum
772 745 995 780 apostolorum
1024 745 1094 773 siue
1122 745 1263 773 aliorum
1291 748 1478 780 martyrum
1537 786 1554 811 6

353 787 498 819 posuerit
572 806 578 813 .
662 806 668 812 .
751 805 758 811 .
842 805 848 811 .
933 805 938 812 .
1023 805 1029 812 .
1112 805 1119 812 .
1203 806 1209 812 .
1293 805 1299 812 .
1378 805 1386 812 .
1469 805 1476 812 .
1519 794 1534 819 3

237 836 325 862 XIX.
349 835 393 863 Ut
408 835 496 863 idem
511 843 611 863 causa
623 834 830 862 infirmitatis
844 834 966 862 ibidem
977 834 1140 878 detentus,
1153 837 1186 862 et
1200 834 1357 862 incendia
1370 835 1478 862 domo-

353 883 428 902 rum
441 875 564 902 orando
578 874 777 908 restinxerit,
794 875 826 901 et
842 874 910 908 ipse
924 882 982 908 per
1000 873 1161 901 uisionem
1175 882 1195 902 a
1209 882 1267 901 suo
1281 874 1325 902 sit
1343 874 1478 909 langore

353 916 489 941 curatus
569 935 576 942 .
748 934 755 941 .
839 934 846 941 .
930 934 936 940 .
1020 933 1027 940 .
1383 934 1390 941 .
1473 935 1480 942 .
1522 922 1556 948 37

237 964 307 991 XX.
332 964 361 992 U
363 966 377 991 t
392 964 479 992 idem
493 963 633 999 episcopi
648 963 861 991 Brettonibus
877 962 913 990 in
928 971 1040 998 pugna
1057 934 1219 991 auxilium
1239 934 1377 991 caeleste
1395 964 1478 992 tule-

353 1003 432 1038 rint,
448 1003 558 1038 sicque
574 1004 709 1031 domum
723 1002 847 1030 reuersi
862 1002 930 1029 sint
1024 1022 1030 1030 .
1114 1023 1121 1030 .
1203 1023 1210 1030 .
1293 1024 1300 1030 .
1382 1024 1389 1030 .
1473 1013 1490 1031 .·
1522 1006 1556 1038 38

237 1053 325 1081 XXI.
349 1053 403 1087 Ut,
419 1053 666 1081 renascentibus
684 1052 839 1087 uirgultis
858 1051 1054 1087 Pelagianae
1072 1051 1180 1087 pestis,
1197 1052 1384 1081 Germanus
1403 1061 1479 1081 cum

354 1093 474 1121 Seuero
497 1092 699 1120 Brittaniam
724 1099 884 1125 reuersus,
909 1091 1000 1126 prius
1022 1091 1141 1119 claudo
1164 1091 1279 1120 iuueni
1300 1092 1475 1126 incessum,

355 1132 473 1159 deinde
492 1134 525 1160 et
545 1132 665 1166 populo
680 1131 748 1165 Dei,
765 1130 994 1158 condemnatis
1010 1130 1079 1158 siue
1099 1131 1281 1159 emendatis
1294 1131 1476 1166 haereticis,

354 1180 501 1207 gressum
516 1170 717 1205 recuperarit
732 1170 808 1198 fidei
841 1191 848 1197 .
932 1191 938 1197 .
1022 1191 1029 1197 .
1113 1191 1120 1198 .
1203 1191 1210 1198 .
1383 1192 1390 1199 .
1473 1192 1480 1199 .
1523 1180 1558 1206 39

238 1222 344 1249 XXII.
368 1222 413 1249 Ut
433 1223 607 1250 Brettones
626 1220 871 1255 quiescentibus
889 1220 931 1248 ad
945 1222 1075 1254 tempus
1093 1220 1221 1256 exteris,
1237 1220 1391 1249 ciuilibus
1411 1230 1478 1249 sese

355 1261 448 1289 bellis
462 1260 691 1294 contriuerint,
707 1259 807 1287 simul
821 1262 853 1288 et
868 1259 1046 1287 maioribus
1059 1259 1194 1295 flagitiis
1207 1260 1443 1288 submerserint
1471 1282 1478 1289 .
1521 1270 1553 1295 4¹

238 1312 363 1339 XXIII.
386 1312 431 1339 Ut
451 1313 585 1339 sanetus
606 1319 691 1345 papa
712 1310 888 1345 Gregorius
910 1310 1134 1345 Augustinum
1154 1320 1230 1338 011111
1248 1311 1418 1339 monachis
1436 1312 1478 1339 ad

355 1351 614 1385 praedicandum
629 1350 720 1385 genti
739 1350 922 1384 Anglorum
942 1350 1088 1385 mittens,
1104 1350 1244 1384 epistula
1263 1359 1390 1386 quoque
1405 1350 1479 1378 illos

354 1390 586 1424 exhortatoria,
602 1398 644 1417 ne
658 1398 678 1417 a
691 1389 870 1417 laborando
884 1391 1058 1424 cessarent,
1074 1390 1310 1417 confortauerit
1384 1411 1392 1418 .
1474 1412 1481 1418 .
1524 1398 1558 1424 ⁴²

239 1439 638 1508 XXIVmLi'Sterstrelatensi
666 1439 814 1475 episeopo
845 1439 1021 1474 epistulam
1048 1449 1108 1474 pro
1135 1448 1248 1468 eorum
1274 1440 1478 1475 susceptione
1521 1489 1556 1514 43

239 1531 337 1558 XXV.
361 1531 405 1558 Ut
428 1529 564 1558 ueniens
589 1529 792 1557 Brittaniam
811 1529 1016 1565 Augustinus
1037 1529 1143 1564 primo
1165 1529 1201 1557 in
1222 1529 1332 1558 insula
1354 1530 1479 1558 Tanato

354 1570 425 1605 regi
443 1569 698 1598 Cantuariorum
718 1569 933 1604 praedicarit;
956 1571 989 1597 et
1007 1569 1054 1597 sic
1073 1571 1207 1605 accepta
1223 1570 1265 1597 ab
1278 1578 1315 1597 eo
1334 1569 1478 1605 licentia,

356 1609 510 1637 Cantiam
523 1608 774 1644 praedicaturus
787 1608 964 1636 intrauerit
1019 1630 1026 1636 .
1110 1630 1117 1636 .
1200 1630 1207 1637 .
1290 1630 1297 1637 .
1381 1630 1388 1636 .
1470 1630 1477 1637 .
1520 1618 1558 1645 44

239 1659 356 1687 XXVI.
381 1660 425 1687 Ut
440 1659 528 1687 idem
542 1659 577 1686 in
593 1659 711 1687 Cantia
724 1658 916 1693 primitiuae
931 1659 1085 1687 ecclesiae
1100 1661 1132 1687 et
1147 1659 1333 1687 doctrinam
1348 1659 1392 1687 sit
1407 1659 1480 1688 ‘nni-

354 1700 453 1734 tatus,
466 1700 498 1726 et
510 1698 625 1733 uitam,
638 1700 736 1733 atque
748 1698 784 1726 in
793 1699 872 1726 urbe
887 1699 971 1734 regis
982 1700 1091 1727 sedem
1105 1699 1308 1734 episcopatus
1319 1699 1481 1734 acceperit
1521 1701 1559 1734 46

239 1749 375 1777 XXVII.
399 1749 444 1777 Ut
465 1748 553 1776 idem
575 1749 743 1784 episcopus
763 1748 872 1777 factus
893 1749 1050 1784 Gregorio
1070 1758 1181 1784 papae,
1201 1758 1283 1794 quae
1304 1749 1372 1777 sint
1394 1749 1480 1777 Brit-

354 1788 466 1816 taniae
494 1791 586 1823 gesta
618 1788 795 1822 mandarit,
824 1788 923 1816 5101111
952 1792 985 1816 et
1014 1789 1206 1817 necessariis
1233 1789 1302 1817 eius
1326 1797 1480 1824 responsa

355 1830 470 1863 petens
483 1827 761 1862 acceperit..
1295 1849 1302 1856 .
1385 1850 1392 1856 .
1523 1831 1560 1862 48

240 1878 393 1906 XXVIII
417 1878 463 1905 Ut
482 1886 567 1912 papa
589 1877 764 1913 Gregorius
785 1849 960 1912 epistulam
974 1849 1159 1906 Arelatensi
1177 1878 1333 1945 episcop0,
1349 1887 1408 1913 pro
1426 1879 1481 1906 ad-

356 1917 524 1946 iuuando'
515 1926 551 1944 10
565 1925 660 1952 opere
676 1917 735 1945 Dei
750 1917 942 1952 Augustino,
959 1917 1085 1945 miserit
1116 1939 1123 1946 .
1385 1939 1392 1945 .
1525 1920 1559 1945 62

240 1968 358 1995 XXIX
382 1968 427 1995 Ut
452 1967 539 1995 idem
564 1967 750 2002 Augustino
774 1967 914 2003 panium
941 1970 973 1996 et
1001 1967 1175 2035 epistulam
1200 1939 1231 1996 et
1255 1968 1365 2002 plures
1389 1939 1482 1996 uerbi

356 2007 526 2034 ministros
539 2006 667 2034 miserit
756 2028 762 2034 .
1296 2028 1303 2035 .
1476 2028 1483 2035 .
1527 2009 1560 2042 63

241 2058 341 2085 XXX.
357 2057 579 2124 ἒέἶὶῃῄειι·
555 2056 723 2092 epistulae,
737 2065 836 2091 quam
846 2028 977 2085 Mellito
991 2057 1103 2085 abbati
1117 2057 1320 2085 Brittaniam
1333 2057 1483 2093 pergenti
1523 2098 1541 2124 6

241 2147 361 2175 XXXI.
385 2147 430 2175 Ut
441 2146 665 2182 Augustinum
676 2155 734 2181 per
746 2117 883 2182 litteras,
896 2155 937 2174 ne
952 2146 992 2174 de
1003 2117 1210 2175 uirtutibus
1198 2146 1265 2174 suis
1275 2117 1480 2182 gloriaretur,
1542 2106 1560 2131 4

358 2186 510 2214 hortatus
524 2186 566 2213 sit
667 2207 674 2213 .
1027 2206 1034 2214 .
1205 2208 1213 2214 .
1295 2208 1302 2215 .
1384 2208 1390 2215 .
1474 2208 1481 2214 .
1524 2188 1562 2214 66

242 2236 433 2264 XXX11.U
435 2239 449 2263 t
463 2236 663 2263 AEdilbercto
678 2235 745 2271 regi
757 2207 888 2263 litteras
902 2237 934 2263 et
949 2237 1035 2264 dona
1048 2235 1174 2264 miserit
1209 2257 1215 2264 .
1298 2258 1305 2265 .
1388 2258 1394 2264 .
1478 2258 1484 2264 .
1528 2238 1563 2272 67

242 2286 396 2314 XXXIII.
420 2286 448 2313 U
451 2288 466 2313 t
477 2285 680 2321 Augustinus
691 2286 860 2314 ecclesiam
870 2286 1050 2314 Saluatoris
1059 2286 1305 2321 instauranerit,
1314 2288 1346 2314 et
1357 2295 1484 2314 monas-

358 2325 479 2353 terium
487 2325 574 2353 beati
584 2325 673 2353 Petri
682 2325 820 2360 apostoli
830 2325 944 2354 fecerit
957 2336 962 2360 ;
979 2328 1010 2353 et
1023 2326 1062 2353 de
1071 2325 1176 2360 primo
1186 2325 1254 2353 eius
1265 2326 1381 2353 abbate
1391 2326 1488 2354 Petro
1529 2335 1564 2362 70

242 2376 389 2403 XXXIV.
413 2376 458 2403 Ut
485 2376 649 2403 Aedilfrid
684 2384 741 2403 rex
772 2376 1124 2410 Nordanhymbrorum
1149 2376 1336 2404 Scottorum
1369 2378 1485 2410 gentes

358 2415 481 2449 proelio
498 2418 670 2443 conterens
683 2415 724 2443 ab
739 2415 921 2450 Anglorum
936 2415 1056 2443 finibus
1071 2415 1233 2450 expulerit
1243 2414 1251 2430 ¹
1301 2437 1307 2444 .
1390 2436 1396 2443 .
1480 2437 1486 2443 .
1531 2424 1559 2450 71

275 2527 284 2542 ¹
302 2524 387 2549 After
407 2524 457 2548 the
478 2524 603 2555 capitula
627 2524 658 2548 of
681 2523 760 2548 Book
780 2524 811 2549 1:
837 2524 1000 2556 expliciunt
1018 2524 1153 2556 capitula,
1174 2524 1278 2557 incipit
1295 2525 1355 2556 ipse
1373 2524 1454 2556 liber,
1475 2524 1512 2550 M.
1525 2525 1562 2551 N.

244 2558 349 2590 Incipit
363 2557 435 2582 liber
448 2558 558 2589 primus
571 2557 774 2582 ecclesiasticae
788 2557 923 2582 historiae
935 2558 1029 2590 gentis
1039 2558 1199 2590 anglorum,
1213 2558 1242 2584 C.
