1803 2887
240 147 318 177 Car.
334 144 458 186 XV[I.]
638 138 791 181 Gentis
821 141 1092 195 Anylorum.
1416 145 1498 185 159

239 254 403 293 Bebbae
450 256 658 305 quondam
704 256 868 306 reginae
921 257 1119 295 uocabulo
1171 259 1494 308 cognominatur,

240 334 422 370 eamque,
460 321 577 370 quia¹
612 334 745 370 neque
777 322 903 360 armis
941 336 1074 372 neque
1108 323 1319 361 obsidione
1358 338 1498 374 capere

239 389 408 435 poterat,
441 387 621 424 fiammis
650 387 864 425 absumere
893 391 1062 426 conatus
1092 391 1179 436 est;
1214 389 1499 439 (11501551501102

239 452 397 500 uiculis,
441 465 541 501 quos
579 452 623 489 in
662 452 813 490 uicinia
851 453 965 491 urbis
1001 454 1174 501 inuenit,
1217 455 1382 493 aduexit
1426 456 1498 493 1110

238 517 459 566 plurimam
499 517 730 566 congeriem
768 518 958 565 trabium,
1005 519 1227 568 tignorum,
1278 520 1495 569 parietum,

238 583 483 631 uirgeorum,
508 584 548 620 et
577 583 670 620 tecti
691 583 811 631 fenei,
843 585 883 621 et
905 583 971 622 his
994 585 1139 622 urbem
1166 585 1211 623 in
1236 576 1385 635 magna
1413 586 1499 624 alti-

238 648 382 685 tudine
409 648 675 686 circumdedit
699 661 721 685 a
745 651 870 697 parte,
900 663 1003 699 quae
1021 652 1154 688 terrae
1178 653 1239 689 est
1265 651 1457 700 contigua
1469 652 1493 699 ³,

239 716 278 751 et
310 714 409 751 dum
446 714 646 751 uentum4
685 716 938 763 oportunum
968 718 1160 764 cerneret,
1203 715 1206 767 j
1244 717 1372 754 inlato
1403 717 1498 766 igne

237 779 463 816 conburere
483 779 627 816 urbem
648 779 764 817 nisus
779 780 790 798 ⁵
811 782 884 818 est.
946 780 1034 828 Quo
1054 784 1239 831 tempore
1260 782 1499 820 reuerentis-

236 845 367 882 simus
400 844 572 882 anfistes
605 844 743 882 Aidan
774 844 819 882 in
852 845 987 883 insula
1018 847 1158 895 Fame,
1197 861 1299 896 quae
1338 848 1498 886 duobus

236 910 364 947 ferme
393 910 562 948 milibus
595 923 790 958 passuum
823 911 874 948 ab
908 912 1008 949 urbe
1041 912 1185 961 procul
1215 914 1338 960 abest,
1371 927 1499 951 mora-

235 975 364 1014 batur.
426 975 507 1013 Illo
533 975 645 1012 enim
674 975 834 1024 saepius
860 979 1036 1015 secretae
1064 978 1259 1016 orationis
1283 981 1322 1016 et
1343 979 1498 1016 silentii

236 1054 354 1078 causa
380 1041 564 1078 secedere
590 1043 826 1088 consuerat3
857 1042 1034 1091 denique
1061 1057 1191 1092 usque
1217 1044 1339 1081 hodie
1360 1045 1497 1081 locum

236 1106 343 1144 sedis
361 1106 475 1144 illius
499 1106 701 1144 solitariae
720 1106 764 1143 in
786 1107 927 1145 eadem
950 1108 1086 1146 insula
1113 1109 1247 1147 solent
1269 1110 1492 1148 ostendere.

236 1172 315 1220 Qui
348 1185 442 1209 cum
476 1172 613 1210 uentis
646 1172 874 1210 ferentibus
906 1174 1074 1222 globos⁶
1107 1174 1216 1226 ignis
1249 1188 1293 1212 ac
1332 1175 1496 1212 fumum

235 1251 356 1286 supra
384 1250 524 1275 muros
548 1238 663 1275 urbis
688 1238 857 1275 exaltari
883 1240 1142 1289 conspiceret,
1170 1241 1302 1278 fertur
1326 1241 1497 1278 eleuatis

234 1303 284 1340 ad
319 1303 478 1341 caelum
512 1304 639 1341 oculis
669 1303 943 1354 manibusque
974 1319 1068 1343 cum
1100 1306 1281 1343 lacrimis
1321 1307 1497 1344 dixisse:

241 1368 379 1411 ‘Uide‚
401 1369 590 1417 Domine,
616 1372 766 1419 quanta
798 1371 905 1409 mala
936 1371 1031 1409 facit
1055 1372 1224 1410 Penda.'
1280 1372 1368 1419 Quo
1389 1372 1498 1409 dicto

236 1433 377 1471 statim
406 1435 556 1473 mutati
582 1436 632 1474 ab
658 1437 759 1475 urbe
785 1437 902 1474 uenti
927 1437 971 1473 in
998 1450 1076 1484 eos,
1111 1437 1181 1486 qui
1212 1437 1492 1485 accenderant,

235 1499 496 1537 flammarum
526 1500 715 1540 incendia
744 1504 1007 1549 retorserunt,
1041 1502 1099 1540 ita
1128 1505 1174 1540 ut
1201 1503 1355 1552 aliquot
1382 1503 1492 1549 laesi,

236 1578 379 1602 omnes
404 1566 545 1614 territi,
578 1567 810 1617 inpugnare
836 1568 945 1605 ultra
966 1568 1110 1605 urbem
1131 1571 1346 1615 cessarent,
1373 1582 1497 1618 quam

236 1629 437 1669 diuinitus
456 1631 589 1669 iuuari
612 1635 888 1682 cognouerant
902 1634 925 1671 Τ.

708 1775 829 1814 CAP.
863 1775 1005 1813 XVII.

239 1873 275 1901 Ur
291 1877 414 1909 (tpposla
432 1876 577 1906 ecclesiae.
598 1877 648 1904 cni
672 1877 751 1904 idem
769 1877 955 1904 adcumbens
968 1874 978 1885 ‘⁴
994 1877 1116 1910 obierat,
1135 1877 1258 1904 ardente
1275 1878 1366 1904 resera
1391 1877 1493 1914 domu,

410 1928 556 1962 flammis
571 1929 696 1956 absumi
714 1930 907 1964 nequiverit:
931 1931 956 1957 ct
972 1930 1006 1957 (Ie
1025 1930 1144 1956 interna
1165 1929 1230 1956 ῑιίΐα
1245 1929 1322 1956 cius.

289 2015 415 2053 HUNC
449 2029 542 2054 cum
581 2016 668 2055 dies
705 2017 852 2055 mortis
885 2017 1022 2066 egredi
1061 2030 1081 2053 e
1120 2030 1285 2065 corpore
1324 2019 1492 2066 cogeret,

236 2081 437 2129 conpletis
459 2082 579 2119 annis
607 2082 863 2131 episcopatus
894 2082 958 2120 sui
982 2082 1135 2119 ΧῩΠ9
1168 2084 1252 2119 erat
1267 2083 1291 2100 '¹³'
1321 2082 1364 2119 in
1395 2083 1494 2120 uilla

235 2146 344 2195 regia
372 2160 457 2184 non
487 2147 608 2196 longe
637 2148 687 2185 ab
717 2148 825 2193 urbe,
851 2148 900 2185 de
924 2161 1002 2196 qua
1028 2147 1198 2196 praefati
1225 2161 1380 2186 sumus.
1441 2148 1494 2186 In

235 2211 309 2249 hac
356 2212 468 2249 enim
516 2213 673 2250 habens
720 2214 930 2251 ecclesiam
966 2215 1006 2250 et
1045 2213 1290 2260 cubiculum,
1334 2214 1494 2262 saepius

236 2277 389 2315 ibidem
410 2278 563 2315 diuerti
582 2292 626 2316 ac
646 2292 821 2326 manere,
845 2280 967 2328 atque
989 2279 1084 2316 inde
1104 2279 1155 2316 ad
1175 2279 1495 2327 praedicandum

238 2342 552 2393 circumquaque
586 2344 694 2381 exire
733 2346 999 2382 consueuerat
1015 2359 1024 2392 3
1065 2344 1173 2393 quod
1207 2344 1344 2393 ipsum
1379 2347 1419 2381 et
1452 2345 1495 2381 in

281 2461 290 2478 ¹
315 2473 420 2501 quam
438 2464 476 2495 C.
638 2463 649 2480 ²
671 2465 880 2504 discisisque
897 2465 943 2496 M.
961 2466 1003 2496 N.
1020 2465 1068 2496 Cl.
1230 2466 1240 2482 ³
1264 2466 1433 2496 continua
1452 2467 1493 2497 N.

236 2514 247 2531 ¹
269 2517 381 2545 uentu
398 2516 445 2546 M.
578 2517 589 2535 ⁵
612 2518 724 2547 misus
741 2517 786 2548 M.
921 2516 932 2533 ⁶
954 2518 1074 2557 glouos
1090 2516 1143 2548 Νι.
1281 2516 1292 2533 ⁷
1316 2522 1415 2548 -runt
1433 2518 1492 2548 Ml.

237 2568 247 2583 '³
270 2568 478 2598 occumbens
494 2568 535 2599 N.
667 2569 678 2586 ⁹
701 2569 785 2599 XVI
803 2569 847 2600 M.
864 2569 907 2600 N.
1038 2569 1061 2586 ¹⁰
1084 2571 1159 2600 erat
1175 2580 1232 2600 om.
1252 2570 1297 2600 M.

1522 2025 1597 2052 Last
1615 2024 1725 2052 11111055

1520 2065 1587 2091 and
1603 2065 1702 2092 death

1520 2105 1556 2130 of
1566 2104 1683 2131 Aidan.

1520 2153 1546 2170 A.
1560 2153 1587 2170 D.
1605 2150 1662 2176 051.
