1803 2887
223 172 299 202 Cu.
319 166 378 207 IL]
623 158 774 201 Gentis
803 157 1073 212 A-nylomm.
1423 155 1474 195 81

223 274 294 320 est,
318 272 487 321 perfecit
507 284 609 320 opus
629 271 699 308 diu
719 270 994 308 desideratimi
1013 284 1021 317 3
1051 269 1150 307 alios
1178 268 1346 317 quidem
1365 279 1477 315 prae-

222 338 420 376 dicatores
447 336 627 383 mittens,
662 336 732 373 sed
767 335 852 384 ipse
886 334 1230 384 praedicationem
1264 334 1310 370 ut
1341 331 1476 369 fructi-

222 403 369 448 ficaret‚
412 402 498 440 suis
534 401 886 438 exhortationibus
934 413 978 438 ac
1025 399 1212 449 precibus
1260 398 1471 435 adiuuans.

222 468 336 506 Haec
364 468 477 505 iuxta
505 466 751 515 opinionem,
787 478 911 514 quam
940 465 989 503 ab
1019 464 1200 514 antiquis
1229 463 1472 512 accepimus,

222 533 416 571 historiae
463 533 626 569 nostrae
666 531 958 568 ecclesiasticae
1004 531 1183 568 inserere
1227 530 1477 578 oportunum

223 598 425 636 duximus.

736 707 859 745 OAP.
901 707 960 745 II.

226 809 264 838 Ut
283 809 482 844 Aumcstz'nus
505 809 682 836 Brettonum
709 808 854 843 episcopos
873 816 929 843 pro
946 816 1020 843 pace
1044 807 1197 843 catholica,
1221 807 1311 835 etiam
1334 806 1481 835 miraculo

319 861 432 889 caelesti
449 869 549 889 coram
564 860 708 898 eissacto,
728 861 902 895 monuerz’t;
926 868 1039 895 quaene
1055 860 1120 887 illos
1135 861 1305 894 §peruenies
1322 859 1393 886 uitio

773 913 873 940 secuta
889 912 939 941 sit.

278 989 463 1027 INTEREA
478 989 740 1039 Augustinus
756 988 955 1026 adiutorio
970 1001 1069 1026 usus
1083 988 1337 1026 Aedilbercti
1350 987 1359 1006 ¹
1377 987 1482 1037 regis

225 1055 464 1093 conuocauit
482 1055 532 1093 ad
553 1068 674 1092 suum
691 1054 940 1103 colloquium
961 1054 1170 1103 episcopos
1190 1054 1277 1092 siue
1298 1055 1483 1092 doctores

223 1122 432 1170 proximae
465 1121 713 1158 Brettonum
751 1120 985 1169 prouinciae
1023 1119 1067 1157 in
1106 1119 1203 1167 loco,
1246 1119 1316 1168 qui
1354 1132 1484 1168 usque

223 1185 345 1223 hodie
364 1185 507 1235 lingua
526 1185 759 1234 Anglorum
780 1184 1083 1234 Augustinaes‘2
1103 1175 1175 1232 Ac,
1200 1185 1242 1223 id
1273 1186 1333 1222 est
1362 1185 1484 1222 robur

225 1251 460 1300 Augustini,
489 1251 534 1288 in
564 1251 741 1288 confinio
771 1251 1064 1288 Huicciorum3
1091 1252 1131 1288 et
1161 1250 1484 1288 Occidentalium

226 1316 436 1354 Saxonum
469 1315 696 1365 appellatur
712 1330 721 1363 3
763 1315 974 1365 coepitque
1021 1316 1079 1353 eis
1125 1315 1304 1353 fraterna
1350 1316 1484 1353 admo-

226 1382 383 1420 nitione
409 1382 585 1429 suadere,
615 1383 662 1419 ut
692 1395 788 1431 pace
820 1381 1017 1419 catholica
1043 1394 1181 1418 secum
1212 1381 1351 1419 habita
1381 1394 1485 1418 com-

224 1460 394 1490 munem
424 1447 734 1496 euangelizandi
763 1447 955 1496 gentibus
982 1461 1056 1496 pro
1091 1447 1272 1484 Domino
1305 1447 1485 1484 laborem

226 1512 489 1562 susciperent.
535 1513 629 1550 Non
649 1512 762 1550 enim
782 1513 953 1562 paschae
974 1512 1083 1550 diem
1098 1515 1110 1532 ⁴
1136 1512 1393 1550 dominicum
1414 1525 1486 1550 suo

227 1580 422 1628 tempore,
447 1579 516 1616 sed
545 1579 593 1616 a⁵
614 1578 753 1615 XIIII
783 1591 911 1627 usque
940 1579 990 1616 ad
1020 1578 1103 1615 XX
1131 1578 1274 1615 lunam
1305 1578 1487 1615 obserua-

227 1644 329 1682 bant
346 1658 355 1691 ;
389 1657 492 1693 quae
523 1644 772 1692 computatio
805 1643 1065 1681 LXXXIIII
1098 1657 1303 1681 annorum
1338 1643 1487 1681 circulo

228 1710 472 1748 continetur.
535 1710 613 1748 Sed
644 1711 683 1746 et
712 1709 789 1747 alia
821 1709 999 1758 plurima
1023 1709 1174 1746 unitati
1197 1709 1487 1747 ecclesiasticae

229 1775 428 1813 contraria
481 1775 692 1813 faciebant.
774 1775 853 1823 Qui
900 1788 993 1813 cum
1041 1775 1164 1824 longa
1211 1775 1487 1824 disputatione

228 1841 376 1889 habita,
423 1854 555 1890 neque
600 1840 796 1890 precibus,
849 1854 981 1890 neque
1027 1840 1310 1879 hortamentis.
1353 1854 1486 1890 neque

228 1906 573 1956 increpationibus
598 1906 824 1956 Augustini
852 1919 896 1943 ac
926 1906 1127 1943 sociorum
1157 1907 1243 1944 eius
1268 1907 1487 1944 adsensum

228 1972 419 2022 praebere
451 1971 692 2019 uoluissent,
728 1972 799 2010 sed
832 1985 925 2010 suas
954 1971 1092 2021 potius
1124 1972 1365 2010 traditiones
1401 1973 1489 2010 uni—

229 2038 368 2086 uersis,
405 2050 507 2087 quae
543 2050 616 2087 per
649 2037 788 2075 orbem
823 2037 901 2075 sibi
939 2037 984 2074 in
1023 2037 1185 2075 Christo
1224 2039 1484 2086 concordant,

230 2103 409 2141 ecclesiis
442 2103 703 2152 praeferrent,
740 2105 904 2140 sanctus
941 2104 1057 2152 pater
1088 2103 1350 2153 Augustinus
1378 2104 1489 2142 hunc

230 2168 420 2206 laboriosi
449 2182 493 2206 ac
522 2168 636 2218 longi
667 2168 902 2206 certaminis
932 2168 1060 2206 finem
1090 2168 1197 2217 fecit,
1232 2171 1277 2207 ut
1311 2170 1488 2208 diceret:

237 2234 528 2272 ‘Obsecremus
566 2234 711 2281 Deum,
751 2234 821 2283 qui
854 2233 1040 2271 habitare
1073 2233 1167 2272 facit
1199 2235 1416 2272 unanimes
1446 2235 1490 2273 in

233 2300 358 2338 domu
388 2300 524 2337 Patris
553 2300 626 2347 sui,
660 2302 707 2338 ut
736 2300 824 2348 ipse
855 2299 976 2337 nobis
1008 2299 1217 2338 insinuare
1248 2301 1492 2338 caelestibus

233 2365 361 2414 signis
381 2365 583 2414 dignetur,
609 2378 713 2414 quae
733 2366 940 2414 sequenda
959 2365 1134 2411 traditio,
1161 2366 1309 2415 quibus
1334 2366 1387 2404 sit
1412 2367 1491 2404 uiis

233 2431 282 2468 ad
313 2430 545 2480 ingressum
578 2431 695 2480 regni
729 2431 841 2468 illius
878 2432 1191 2481 properandum.
1252 2433 1494 2470 Adducatur

275 2529 286 2546 ¹
310 2529 537 2561 achilberchti
555 2531 592 2561 C.
675 2529 686 2546 2
710 2540 764 2570 ag-
783 2531 818 2561 C.
891 2530 904 2550 3
930 2531 1046 2562 uuicc·
1063 2531 1110 2569 C3
1134 2532 1225 2562 uicc-
1243 2532 1282 2563 B.
1363 2532 1374 2549 ⁴
1399 2533 1492 2566 dom.

233 2581 328 2612 diem
345 2582 391 2613 M.
409 2581 465 2613 H1.
554 2582 566 2599 ⁵
587 2592 606 2613 a
622 2593 678 2613 om.
692 2583 736 2613 M.

1507 993 1703 1022 Conference

1506 1033 1542 1060 of
1552 1034 1678 1067 Augus-

1506 1073 1575 1100 tine
1590 1072 1671 1099 with

1506 1112 1563 1140 the
1577 1111 1703 1139 British

1508 1151 1646 1186 Bishops
1661 1153 1693 1177 at

1507 1192 1633 1225 Augus-

1507 1231 1603 1259 tine's
1618 1229 1697 1257 Oak.
