1803 2887
88 882 220 909 Passion
236 882 271 907 of

88 923 132 949 st.
153 921 269 949 Alban.

321 163 374 202 18
679 164 886 207 Historia
907 163 1211 206 Ecclesiasticco
1448 170 1532 211 [Lm.
1548 172 1571 203 Ι.

317 282 467 318 munior
477 281 564 328 fnit
577 296 589 328 ;
619 296 712 321 nam
723 295 795 332 per
813 284 855 321 X
874 297 997 323 annos
1019 285 1202 322 incendiis
1221 283 1469 328 ecclesiarum,
1493 291 1574 328 pro·
1786 325 1787 329 Ἰ

317 349 584 394 scriptionibus
603 352 856 398 innocentum,
877 352 1053 389 caedibus
1068 354 1284 398 nzartyrmn
1302 347 1574 386 incessabiliter
1597 345 1636 374 cf·
1646 345 1782 398 Gilda&

319 413 426 452 actcst
465 419 527 453 cst.
604 415 793 464 Denique
822 416 948 454 etiam
979 415 1230 453 Brittaniam
1269 416 1359 451 tum
1393 411 1572 461 plurima
1597 414 1603 421 ‘
1627 397 1652 424 9·

324 480 593 518 confessionis
614 481 699 518 Deo
721 481 891 519 deuotae
911 481 1040 531 gloria
1059 479 1310 518 sublimauit.

815 644 934 682 CAP.
977 643 1074 682 VII.

383 748 489 775 Passio
512 749 610 776 sancti
633 746 770 777 Albani²
794 750 818 777 et
841 749 987 776 sociorum
1011 748 1086 784 eius,
1113 748 1165 782 qm?
1189 748 1287 776 eodem
1312 749 1436 781 tempore
1455 754 1512 781 pro

694 802 823 828 Domino
847 801 1029 835 sanquinem
1043 800 1206 834 fuderunt.

375 885 585 930 SIQUIDEM
620 885 662 923 in
703 899 749 923 ea
786 899 929 934 passus
963 887 1025 923 est
1057 887 1222 923 sanctus
1260 884 1487 931 Albanusss,
1527 883 1578 921 de

320 964 400 999 quo
429 951 642 1000 presbyter
672 951 947 989 Fortunatus4
977 950 1020 987 in
1053 950 1192 988 Laude
1224 949 1445 998 uirginum,
1484 961 1579 986 cum

322 1015 534 1054 beatorum
564 1018 808 1066 martyrum,
845 1016 914 1065 qui
943 1017 993 1054 de
1024 1018 1109 1054 toto
1140 1016 1235 1053 orbe
1268 1015 1318 1053 ad
1350 1014 1578 1052 Dominum

320 1082 520 1130 uenirent,
545 1082 800 1120 mentionem
822 1082 980 1129 faceret,
1005 1082 1090 1120 ait:
1604 1099 1709 1127 Carm.
1780 1080 1783 1112 >³

1604 1138 1696 1165 vm.
1713 1137 1757 1166 iii.
1779 1130 1786 1170 l

480 1188 682 1219 Albanum3
707 1189 885 1228 egregium
910 1189 1061 1220 fecunda
1085 1190 1245 1220 Britania
1271 1190 1414 1229 profert.
1603 1185 1658 1212 ¹55·

375 1279 453 1327 Qui
482 1279 674 1317 uidelicet
708 1279 897 1316 Albanus
910 1279 932 1327 ³,
974 1292 1157 1329 paganus
1189 1280 1332 1327 adhuc,
1368 1293 1461 1317 cum
1494 1293 1579 1329 per-

322 1346 499 1384 fidorum
546 1344 780 1394 principum
822 1345 1016 1382 mandata
1059 1346 1278 1383 aduersum
1323 1345 1580 1384 Christianos

322 1411 538 1457 saeuirent,
578 1411 773 1448 clericum
806 1410 1011 1459 quendam
1042 1413 1321 1465 persecutores
1351 1411 1580 1460 fugientem

321 1476 501 1525 hospitio
522 1476 700 1525 recepit;
738 1490 861 1525 quein
889 1477 989 1514 dum
1019 1476 1271 1514 orationibus
1301 1476 1509 1514 continuis
1535 1490 1580 1514 ac

323 1543 477 1591 uigiliis
498 1542 562 1580 die
584 1544 789 1591 noctuque
809 1543 972 1580 studere
993 1542 1255 1590 conspiceret,
1281 1542 1417 1580 subito
1441 1541 1581 1580 diuina

322 1608 451 1657 gratia
490 1610 705 1657 respectus,
749 1607 986 1656 exemplum
1026 1607 1120 1645 fidei
1159 1621 1203 1645 ac
1242 1607 1408 1656 pietatis
1440 1607 1580 1645 illius-⁵

323 1674 454 1722 coepit
488 1673 695 1720 aemulari,
738 1687 781 1711 ac
825 1673 1069 1710 salutaribus
1103 1673 1190 1710 eius
1228 1672 1581 1711 exhortationibus
1762 1712 1763 1730 Χ

322 1738 521 1788 paulatim
560 1739 738 1785 edoctus,
777 1738 930 1776 relictis
964 1738 1177 1776 idolatriae
1215 1738 1406 1786 tenebris,
1445 1738 1581 1776 Chris·
1761 1760 1763 1807 ἱ

322 1805 459 1842 tianus
478 1805 640 1854 integro
661 1818 709 1841 ex
729 1805 848 1842 corde
874 1804 1006 1842 factus
1033 1805 1104 1841 est.
1167 1804 1352 1853 Cumque
1375 1804 1581 1853 praefatus

323 1870 493 1908 clericus
512 1870 668 1919 aliquot
689 1870 831 1907 diebus
848 1870 954 1917 apud
976 1883 1071 1907 eum
1087 1869 1373 1918 hospitaretur,
1392 1869 1580 1918 peruenit

324 1937 373 1974 ad
412 1949 529 1974 aures
567 1935 735 1973 nefandi
772 1935 966 1983 principis
1005 1935 1279 1972 confessorem
1313 1934 1476 1982 Christi,
1516 1935 1581 1972 cui

322 2002 500 2039 necdum
529 2001 662 2039 fuerat
690 2001 803 2038 locus
832 1999 1020 2049 martyrii
1049 2000 1277 2048 deputatus,
1307 2013 1434 2048 penes
1460 2000 1583 2038 Alba-

324 2080 425 2104 num
465 2067 602 2105 latere.
665 2067 788 2104 Unde
827 2066 968 2104 statim
1006 2065 1127 2103 iussit
1167 2065 1322 2103 milites
1361 2079 1456 2103 eum
1494 2065 1581 2104 dili-

323 2134 486 2181 gentius
521 2132 737 2181 inquirere.
800 2132 879 2179 Qui
917 2144 1012 2168 cum
1050 2132 1099 2169 ad
1139 2131 1351 2180 tugurium
1384 2131 1581 2180 martyris

323 2198 618 2246 peruenissent,
650 2196 652 2245 1
680 2211 775 2235 mox
796 2211 838 2235 se
859 2199 1023 2235 sanctus
1043 2197 1232 2234 Albanus
1257 2210 1329 2245 pro
1349 2196 1511 2245 hospite
1537 2209 1581 2234 ac

324 2263 518 2312 magistro
540 2276 623 2309 suo,
649 2263 777 2312 ipsius
797 2263 951 2310 habitu,
972 2263 1013 2300 id
1036 2264 1095 2300 est
1115 2262 1319 2306 caracalla,
1341 2275 1419 2310 qua
1439 2262 1581 2300 uestie-

324 2328 454 2371 batur,
486 2328 668 2375 indutus,
708 2328 912 2365 militibus
942 2328 1137 2375 exhibuit,
1172 2329 1293 2376 atque
1323 2327 1373 2364 ad
1404 2326 1582 2364 iudicem

326 2392 491 2429 uinctus
511 2393 730 2440 perductus
750 2394 822 2430 est.

1605 2190 1701 2219 fiob.

368 2530 376 2547 ¹
402 2533 502 2561 aucta
521 2531 558 2561 C.
707 2530 718 2547 2
741 2530 854 2560 albini
872 2530 925 2560 Nl.
1058 2530 1069 2547 ³
1092 2530 1247 2569 albinus,
1264 2530 1390 2566 -inum,
1413 2507 1518 2559 -zinus
1536 2528 1578 2560 N.

324 2582 335 2599 ⁴
359 2582 446 2613 furt·
464 2582 520 2620 M3
545 2581 641 2612 funt·
659 2581 712 2612 N1.
869 2582 880 2599 ⁵
903 2582 1001 2613 illius
1013 2591 1070 2613 om.
1090 2581 1149 2612 M¹.
