<?xml version="1.0" encoding="UTF-8"?>
<!DOCTYPE html PUBLIC "-//W3C//DTD XHTML 1.0 Transitional//EN"
    "http://www.w3.org/TR/xhtml1/DTD/xhtml1-transitional.dtd">
<html xmlns="http://www.w3.org/1999/xhtml" xml:lang="en" lang="en">
 <head>
  <title>
</title>
<meta http-equiv="Content-Type" content="text/html;charset=utf-8" />
  <meta name='ocr-system' content='tesseract 3.04.00' />
  <meta name='ocr-capabilities' content='ocr_page ocr_carea ocr_par ocr_line ocrx_word'/>
</head>
<body>
  <div class='ocr_page' id='page_1' title='image "./venerabilisbaeda00bedeuoft_0266.png"; bbox 0 0 1803 2887; ppageno 0'>
   <div class='ocr_carea' id='block_1_1' title="bbox 51 1159 244 1227">
    <p class='ocr_par' dir='ltr' id='par_1_1' title="bbox 51 1159 244 1227">
     <span class='ocr_line' id='line_1_1' title="bbox 51 1159 235 1187; baseline 0.011 -2"><span class='ocrx_word' id='word_1_1' title='bbox 51 1159 117 1186; x_wconf 84' lang='lat' dir='ltr'>The</span> <span class='ocrx_word' id='word_1_2' title='bbox 134 1161 140 1172; x_wconf 70' lang='lat'><strong>⁴</strong></span> <span class='ocrx_word' id='word_1_3' title='bbox 149 1160 235 1187; x_wconf 84' lang='lat' dir='ltr'>Cura</span> 
     </span>
     <span class='ocr_line' id='line_1_2' title="bbox 51 1198 244 1227; baseline 0.01 -2"><span class='ocrx_word' id='word_1_4' title='bbox 51 1198 244 1227; x_wconf 78' lang='lat' dir='ltr'>Pastoralis.’</span> 
     </span>
    </p>
   </div>
   <div class='ocr_carea' id='block_1_2' title="bbox 49 1555 208 1668">
    <p class='ocr_par' dir='ltr' id='par_1_2' title="bbox 49 1555 208 1668">
     <span class='ocr_line' id='line_1_3' title="bbox 50 1555 208 1584; baseline 0.013 -2"><span class='ocrx_word' id='word_1_5' title='bbox 50 1555 208 1584; x_wconf 83' lang='lat' dir='ltr'>Homilies</span> 
     </span>
     <span class='ocr_line' id='line_1_4' title="bbox 49 1595 206 1623; baseline 0.013 -2"><span class='ocrx_word' id='word_1_6' title='bbox 49 1596 115 1622; x_wconf 76' lang='lat' dir='ltr'>and</span> <span class='ocrx_word' id='word_1_7' title='bbox 131 1595 206 1623; x_wconf 82' lang='lat' dir='ltr'>Dia-</span> 
     </span>
     <span class='ocr_line' id='line_1_5' title="bbox 50 1634 167 1668; baseline 0.017 -7"><span class='ocrx_word' id='word_1_8' title='bbox 50 1634 167 1668; x_wconf 80' lang='lat' dir='ltr'>logues.</span> 
     </span>
    </p>
   </div>
   <div class='ocr_carea' id='block_1_3' title="bbox 50 2150 254 2302">
    <p class='ocr_par' dir='ltr' id='par_1_3' title="bbox 50 2150 254 2302">
     <span class='ocr_line' id='line_1_6' title="bbox 51 2150 233 2177; baseline -0.005 0"><span class='ocrx_word' id='word_1_9' title='bbox 51 2150 233 2177; x_wconf 75' lang='lat' dir='ltr'>Comment-</span> 
     </span>
     <span class='ocr_line' id='line_1_7' title="bbox 50 2198 164 2222; baseline 0 -6"><span class='ocrx_word' id='word_1_10' title='bbox 50 2198 108 2222; x_wconf 76' lang='lat' dir='ltr'>ary</span> <span class='ocrx_word' id='word_1_11' title='bbox 123 2198 164 2216; x_wconf 92' lang='lat' dir='ltr'>on</span> 
     </span>
     <span class='ocr_line' id='line_1_8' title="bbox 50 2228 254 2263; baseline 0 -7"><span class='ocrx_word' id='word_1_12' title='bbox 50 2228 254 2263; x_wconf 80' lang='lat' dir='ltr'>Ezekiel,Re-</span> 
     </span>
     <span class='ocr_line' id='line_1_9' title="bbox 50 2268 245 2302; baseline 0 -7"><span class='ocrx_word' id='word_1_13' title='bbox 50 2268 245 2302; x_wconf 79' lang='lat' dir='ltr'>sponsiones,</span> 
     </span>
    </p>
   </div>
   <div class='ocr_carea' id='block_1_4' title="bbox 49 2306 102 2335">
    <p class='ocr_par' dir='ltr' id='par_1_4' title="bbox 49 2306 102 2335">
     <span class='ocr_line' id='line_1_10' title="bbox 49 2306 102 2335; baseline -0.019 -1"><span class='ocrx_word' id='word_1_14' title='bbox 49 2306 102 2335; x_wconf 62' lang='lat' dir='ltr'>&amp;st</span> 
     </span>
    </p>
   </div>
   <div class='ocr_carea' id='block_1_5' title="bbox 284 189 1531 239">
    <p class='ocr_par' dir='ltr' id='par_1_5' title="bbox 284 189 1531 239">
     <span class='ocr_line' id='line_1_11' title="bbox 284 189 1531 239; baseline 0.002 -9"><span class='ocrx_word' id='word_1_15' title='bbox 284 190 337 230; x_wconf 77' lang='lat'>76</span> <span class='ocrx_word' id='word_1_16' title='bbox 638 189 688 231; x_wconf 86' lang='lat' dir='ltr'><em>H</em></span> <span class='ocrx_word' id='word_1_17' title='bbox 691 190 847 232; x_wconf 64' lang='lat' dir='ltr'>istoria</span> <span class='ocrx_word' id='word_1_18' title='bbox 877 189 1182 232; x_wconf 66' lang='lat' dir='ltr'>Ecclesiastica</span> <span class='ocrx_word' id='word_1_19' title='bbox 1389 198 1472 239; x_wconf 76' lang='lat' dir='ltr'>[Lm.</span> <span class='ocrx_word' id='word_1_20' title='bbox 1491 201 1531 232; x_wconf 88' lang='lat'>11.</span> 
     </span>
    </p>
   </div>
   <div class='ocr_carea' id='block_1_6' title="bbox 276 304 1536 2511">
    <p class='ocr_par' dir='ltr' id='par_1_6' title="bbox 278 304 1536 1127">
     <span class='ocr_line' id='line_1_12' title="bbox 281 304 1535 344; baseline 0.001 -3"><span class='ocrx_word' id='word_1_21' title='bbox 281 304 529 342; x_wconf 74' lang='lat' dir='ltr'>orthodoxae</span> <span class='ocrx_word' id='word_1_22' title='bbox 548 305 643 342; x_wconf 89' lang='lat' dir='ltr'>fidei</span> <span class='ocrx_word' id='word_1_23' title='bbox 658 305 907 343; x_wconf 86' lang='lat' dir='ltr'>omnimodis</span> <span class='ocrx_word' id='word_1_24' title='bbox 927 319 1012 343; x_wconf 90' lang='lat' dir='ltr'>esse</span> <span class='ocrx_word' id='word_1_25' title='bbox 1032 306 1290 344; x_wconf 87' lang='lat' dir='ltr'>contrarium.</span> <span class='ocrx_word' id='word_1_26' title='bbox 1328 305 1535 344; x_wconf 86' lang='lat' dir='ltr'>Catholica</span> 
     </span>
     <span class='ocr_line' id='line_1_13' title="bbox 282 370 1534 420; baseline 0.001 -13"><span class='ocrx_word' id='word_1_27' title='bbox 282 370 435 407; x_wconf 87' lang='lat' dir='ltr'>etenim</span> <span class='ocrx_word' id='word_1_28' title='bbox 456 370 556 407; x_wconf 87' lang='lat' dir='ltr'>fides</span> <span class='ocrx_word' id='word_1_29' title='bbox 575 370 708 418; x_wconf 88' lang='lat' dir='ltr'>habet,</span> <span class='ocrx_word' id='word_1_30' title='bbox 729 371 836 419; x_wconf 87' lang='lat' dir='ltr'>quod</span> <span class='ocrx_word' id='word_1_31' title='bbox 856 384 1002 420; x_wconf 89' lang='lat' dir='ltr'>corpus</span> <span class='ocrx_word' id='word_1_32' title='bbox 1021 373 1210 408; x_wconf 88' lang='lat' dir='ltr'>nostrum</span> <span class='ocrx_word' id='word_1_33' title='bbox 1225 371 1296 408; x_wconf 89' lang='lat' dir='ltr'>illa</span> <span class='ocrx_word' id='word_1_34' title='bbox 1311 371 1534 408; x_wconf 90' lang='lat' dir='ltr'>inmortali-</span> 
     </span>
     <span class='ocr_line' id='line_1_14' title="bbox 281 435 1533 485; baseline 0 -12"><span class='ocrx_word' id='word_1_35' title='bbox 281 435 378 473; x_wconf 85' lang='lat' dir='ltr'>tatis</span> <span class='ocrx_word' id='word_1_36' title='bbox 393 435 520 484; x_wconf 87' lang='lat' dir='ltr'>gloria</span> <span class='ocrx_word' id='word_1_37' title='bbox 534 435 802 473; x_wconf 87' lang='lat' dir='ltr'>sublimatum</span> <span class='ocrx_word' id='word_1_38' title='bbox 822 436 972 474; x_wconf 89' lang='lat' dir='ltr'>subtile</span> <span class='ocrx_word' id='word_1_39' title='bbox 993 436 1159 485; x_wconf 88' lang='lat' dir='ltr'>quidem</span> <span class='ocrx_word' id='word_1_40' title='bbox 1178 436 1231 474; x_wconf 91' lang='lat' dir='ltr'>sit</span> <span class='ocrx_word' id='word_1_41' title='bbox 1249 450 1321 485; x_wconf 90' lang='lat' dir='ltr'>per</span> <span class='ocrx_word' id='word_1_42' title='bbox 1342 436 1533 473; x_wconf 85' lang='lat' dir='ltr'>effectum</span> 
     </span>
     <span class='ocr_line' id='line_1_15' title="bbox 280 501 1532 550; baseline 0.001 -13"><span class='ocrx_word' id='word_1_43' title='bbox 280 501 476 549; x_wconf 86' lang='lat' dir='ltr'>spiritalis</span> <span class='ocrx_word' id='word_1_44' title='bbox 488 501 705 549; x_wconf 83' lang='lat' dir='ltr'>potentiae,</span> <span class='ocrx_word' id='word_1_45' title='bbox 723 502 792 539; x_wconf 85' lang='lat' dir='ltr'>sed</span> <span class='ocrx_word' id='word_1_46' title='bbox 808 501 1012 550; x_wconf 78' lang='lat' dir='ltr'>palpabile</span> <span class='ocrx_word' id='word_1_47' title='bbox 1027 515 1099 550; x_wconf 89' lang='lat' dir='ltr'>per</span> <span class='ocrx_word' id='word_1_48' title='bbox 1113 501 1328 540; x_wconf 87' lang='lat' dir='ltr'>ueritatem</span> <span class='ocrx_word' id='word_1_49' title='bbox 1343 503 1532 549; x_wconf 81' lang='lat' dir='ltr'>naturae3</span> 
     </span>
     <span class='ocr_line' id='line_1_16' title="bbox 279 565 1534 616; baseline 0.002 -14"><span class='ocrx_word' id='word_1_50' title='bbox 279 565 393 603; x_wconf 83' lang='lat' dir='ltr'>iuxta</span> <span class='ocrx_word' id='word_1_51' title='bbox 417 566 652 614; x_wconf 86' lang='lat' dir='ltr'>exemplum</span> <span class='ocrx_word' id='word_1_52' title='bbox 681 567 877 604; x_wconf 90' lang='lat' dir='ltr'>dominici</span> <span class='ocrx_word' id='word_1_53' title='bbox 905 567 1090 616; x_wconf 88' lang='lat' dir='ltr'>corporis,</span> <span class='ocrx_word' id='word_1_54' title='bbox 1124 567 1173 604; x_wconf 89' lang='lat' dir='ltr'>de</span> <span class='ocrx_word' id='word_1_55' title='bbox 1202 580 1282 616; x_wconf 91' lang='lat' dir='ltr'>quo</span> <span class='ocrx_word' id='word_1_56' title='bbox 1310 580 1333 604; x_wconf 90' lang='lat' dir='ltr'>a</span> <span class='ocrx_word' id='word_1_57' title='bbox 1361 566 1534 605; x_wconf 89' lang='lat' dir='ltr'>mortuis</span> 
     </span>
     <span class='ocr_line' id='line_1_17' title="bbox 280 630 1533 681; baseline 0.002 -14"><span class='ocrx_word' id='word_1_58' title='bbox 280 630 474 668; x_wconf 86' lang='lat' dir='ltr'>suscitato</span> <span class='ocrx_word' id='word_1_59' title='bbox 500 631 598 668; x_wconf 88' lang='lat' dir='ltr'>dicit</span> <span class='ocrx_word' id='word_1_60' title='bbox 617 631 703 680; x_wconf 89' lang='lat' dir='ltr'>ipse</span> <span class='ocrx_word' id='word_1_61' title='bbox 727 632 962 681; x_wconf 74' lang='lat' dir='ltr'>discipulis:</span> <span class='ocrx_word' id='word_1_62' title='bbox 996 632 1186 681; x_wconf 87' lang='lat' dir='ltr'>‘Palpate</span> <span class='ocrx_word' id='word_1_63' title='bbox 1210 633 1249 669; x_wconf 90' lang='lat' dir='ltr'>et</span> <span class='ocrx_word' id='word_1_64' title='bbox 1268 632 1413 680; x_wconf 89' lang='lat' dir='ltr'>uidete,</span> <span class='ocrx_word' id='word_1_65' title='bbox 1438 632 1533 681; x_wconf 84' lang='lat' dir='ltr'>quia</span> 
     </span>
     <span class='ocr_line' id='line_1_18' title="bbox 280 696 1534 746; baseline 0.002 -13"><span class='ocrx_word' id='word_1_66' title='bbox 280 696 450 745; x_wconf 87' lang='lat' dir='ltr'>spiritus</span> <span class='ocrx_word' id='word_1_67' title='bbox 478 710 642 735; x_wconf 88' lang='lat' dir='ltr'>carnem</span> <span class='ocrx_word' id='word_1_68' title='bbox 672 699 712 735; x_wconf 89' lang='lat' dir='ltr'>et</span> <span class='ocrx_word' id='word_1_69' title='bbox 742 711 832 736; x_wconf 87' lang='lat' dir='ltr'>ossa</span> <span class='ocrx_word' id='word_1_70' title='bbox 862 711 946 735; x_wconf 90' lang='lat' dir='ltr'>non</span> <span class='ocrx_word' id='word_1_71' title='bbox 978 698 1112 746; x_wconf 83' lang='lat' dir='ltr'>habet,</span> <span class='ocrx_word' id='word_1_72' title='bbox 1151 698 1256 736; x_wconf 87' lang='lat' dir='ltr'>sicut</span> <span class='ocrx_word' id='word_1_73' title='bbox 1287 712 1353 736; x_wconf 91' lang='lat' dir='ltr'>me</span> <span class='ocrx_word' id='word_1_74' title='bbox 1386 697 1534 736; x_wconf 88' lang='lat' dir='ltr'>uidetis</span> 
     </span>
     <span class='ocr_line' id='line_1_19' title="bbox 279 761 1536 812; baseline 0.002 -14"><span class='ocrx_word' id='word_1_75' title='bbox 279 761 455 799; x_wconf 88' lang='lat' dir='ltr'>habere.&#39;</span> <span class='ocrx_word' id='word_1_76' title='bbox 522 762 575 800; x_wconf 92' lang='lat' dir='ltr'>In</span> <span class='ocrx_word' id='word_1_77' title='bbox 610 763 724 800; x_wconf 88' lang='lat' dir='ltr'>cuius</span> <span class='ocrx_word' id='word_1_78' title='bbox 754 763 984 801; x_wconf 72' lang='lat' dir='ltr'>adsertione</span> <span class='ocrx_word' id='word_1_79' title='bbox 1018 763 1114 801; x_wconf 90' lang='lat' dir='ltr'>fidei</span> <span class='ocrx_word' id='word_1_80' title='bbox 1146 763 1392 801; x_wconf 84' lang='lat' dir='ltr'>uenerabilis</span> <span class='ocrx_word' id='word_1_81' title='bbox 1420 765 1536 812; x_wconf 85' lang='lat' dir='ltr'>pater</span> 
     </span>
     <span class='ocr_line' id='line_1_20' title="bbox 281 827 1533 875; baseline 0.002 -11"><span class='ocrx_word' id='word_1_82' title='bbox 281 827 499 875; x_wconf 84' lang='lat' dir='ltr'>Gregorius</span> <span class='ocrx_word' id='word_1_83' title='bbox 518 828 562 865; x_wconf 91' lang='lat' dir='ltr'>in</span> <span class='ocrx_word' id='word_1_84' title='bbox 582 830 747 866; x_wconf 88' lang='lat' dir='ltr'>tantum</span> <span class='ocrx_word' id='word_1_85' title='bbox 768 830 907 866; x_wconf 86' lang='lat' dir='ltr'>contra</span> <span class='ocrx_word' id='word_1_86' title='bbox 927 830 1163 866; x_wconf 83' lang='lat' dir='ltr'>nascentem</span> <span class='ocrx_word' id='word_1_87' title='bbox 1184 829 1363 867; x_wconf 89' lang='lat' dir='ltr'>heresim</span> <span class='ocrx_word' id='word_1_88' title='bbox 1382 841 1533 866; x_wconf 88' lang='lat' dir='ltr'>nouam</span> 
     </span>
     <span class='ocr_line' id='line_1_21' title="bbox 278 891 1532 943; baseline 0.002 -14"><span class='ocrx_word' id='word_1_89' title='bbox 278 891 460 930; x_wconf 84' lang='lat' dir='ltr'>laborare</span> <span class='ocrx_word' id='word_1_90' title='bbox 479 894 700 941; x_wconf 87' lang='lat' dir='ltr'>contendit,</span> <span class='ocrx_word' id='word_1_91' title='bbox 725 895 840 932; x_wconf 88' lang='lat' dir='ltr'>tanta</span> <span class='ocrx_word' id='word_1_92' title='bbox 858 894 964 931; x_wconf 89' lang='lat' dir='ltr'>hanc</span> <span class='ocrx_word' id='word_1_93' title='bbox 988 894 1195 943; x_wconf 86' lang='lat' dir='ltr'>instantia,</span> <span class='ocrx_word' id='word_1_94' title='bbox 1220 894 1389 932; x_wconf 90' lang='lat' dir='ltr'>iuuante</span> <span class='ocrx_word' id='word_1_95' title='bbox 1410 893 1532 931; x_wconf 84' lang='lat' dir='ltr'>etiam</span> 
     </span>
     <span class='ocr_line' id='line_1_22' title="bbox 278 957 1526 1008; baseline 0.002 -14"><span class='ocrx_word' id='word_1_96' title='bbox 278 957 464 1006; x_wconf 83' lang='lat' dir='ltr'>piissimo</span> <span class='ocrx_word' id='word_1_97' title='bbox 497 959 741 1008; x_wconf 75' lang='lat' dir='ltr'>imperatore</span> <span class='ocrx_word' id='word_1_98' title='bbox 774 959 936 997; x_wconf 84' lang='lat' dir='ltr'>Tiberio</span> <span class='ocrx_word' id='word_1_99' title='bbox 968 959 1248 1007; x_wconf 85' lang='lat' dir='ltr'>Constantino,</span> <span class='ocrx_word' id='word_1_100' title='bbox 1287 959 1526 1008; x_wconf 71' lang='lat' dir='ltr'>conminuit,</span> 
     </span>
     <span class='ocr_line' id='line_1_23' title="bbox 278 1023 1533 1074; baseline 0.002 -14"><span class='ocrx_word' id='word_1_101' title='bbox 278 1025 325 1060; x_wconf 92' lang='lat' dir='ltr'>ut</span> <span class='ocrx_word' id='word_1_102' title='bbox 359 1023 499 1061; x_wconf 91' lang='lat' dir='ltr'>nullus</span> <span class='ocrx_word' id='word_1_103' title='bbox 533 1024 680 1062; x_wconf 89' lang='lat' dir='ltr'>exinde</span> <span class='ocrx_word' id='word_1_104' title='bbox 713 1024 766 1063; x_wconf 89' lang='lat' dir='ltr'>sit</span> <span class='ocrx_word' id='word_1_105' title='bbox 803 1024 1009 1071; x_wconf 86' lang='lat' dir='ltr'>inuentus,</span> <span class='ocrx_word' id='word_1_106' title='bbox 1051 1025 1121 1074; x_wconf 87' lang='lat' dir='ltr'>qui</span> <span class='ocrx_word' id='word_1_107' title='bbox 1158 1025 1245 1063; x_wconf 87' lang='lat' dir='ltr'>eius</span> <span class='ocrx_word' id='word_1_108' title='bbox 1275 1025 1533 1063; x_wconf 87' lang='lat' dir='ltr'>resuscitator</span> 
     </span>
     <span class='ocr_line' id='line_1_24' title="bbox 278 1089 479 1127; baseline 0.005 -1"><span class='ocrx_word' id='word_1_109' title='bbox 278 1089 479 1127; x_wconf 74' lang='lat' dir='ltr'>existeret.</span> 
     </span>
    </p>

    <p class='ocr_par' dir='ltr' id='par_1_7' title="bbox 276 1155 1535 2511">
     <span class='ocr_line' id='line_1_25' title="bbox 332 1155 1533 1206; baseline 0.002 -15"><span class='ocrx_word' id='word_1_110' title='bbox 332 1155 477 1192; x_wconf 89' lang='lat' dir='ltr'>Alium</span> <span class='ocrx_word' id='word_1_111' title='bbox 526 1168 687 1204; x_wconf 86' lang='lat' dir='ltr'>quoque</span> <span class='ocrx_word' id='word_1_112' title='bbox 725 1155 878 1193; x_wconf 85' lang='lat' dir='ltr'>librum</span> <span class='ocrx_word' id='word_1_113' title='bbox 918 1157 1133 1206; x_wconf 78' lang='lat' dir='ltr'>conposuit</span> <span class='ocrx_word' id='word_1_114' title='bbox 1172 1156 1390 1206; x_wconf 84' lang='lat' dir='ltr'>egregium,</span> <span class='ocrx_word' id='word_1_115' title='bbox 1422 1160 1425 1204; x_wconf 83' lang='grc' dir='ltr'>Ι</span> <span class='ocrx_word' id='word_1_116' title='bbox 1463 1157 1533 1206; x_wconf 92' lang='lat' dir='ltr'>qui</span> 
     </span>
     <span class='ocr_line' id='line_1_26' title="bbox 277 1220 1529 1271; baseline 0.002 -15"><span class='ocrx_word' id='word_1_117' title='bbox 277 1221 445 1257; x_wconf 86' lang='lat' dir='ltr'>uocatur</span> <span class='ocrx_word' id='word_1_118' title='bbox 484 1220 716 1268; x_wconf 85' lang='lat' dir='ltr'>Pastoralis,</span> <span class='ocrx_word' id='word_1_119' title='bbox 754 1221 798 1258; x_wconf 91' lang='lat' dir='ltr'>in</span> <span class='ocrx_word' id='word_1_120' title='bbox 833 1235 912 1270; x_wconf 84' lang='lat' dir='ltr'>quo</span> <span class='ocrx_word' id='word_1_121' title='bbox 942 1222 1161 1260; x_wconf 81' lang='lat' dir='ltr'>manifesta</span> <span class='ocrx_word' id='word_1_122' title='bbox 1198 1222 1288 1260; x_wconf 88' lang='lat' dir='ltr'>luce</span> <span class='ocrx_word' id='word_1_123' title='bbox 1330 1222 1529 1271; x_wconf 81' lang='lat' dir='ltr'>patefecit,</span> 
     </span>
     <span class='ocr_line' id='line_1_27' title="bbox 279 1284 1533 1337; baseline 0.002 -16"><span class='ocrx_word' id='word_1_124' title='bbox 279 1284 418 1334; x_wconf 87' lang='lat' dir='ltr'>quales</span> <span class='ocrx_word' id='word_1_125' title='bbox 455 1285 505 1322; x_wconf 86' lang='lat' dir='ltr'>ad</span> <span class='ocrx_word' id='word_1_126' title='bbox 544 1285 734 1323; x_wconf 87' lang='lat' dir='ltr'>ecclesiae</span> <span class='ocrx_word' id='word_1_127' title='bbox 782 1286 964 1335; x_wconf 89' lang='lat' dir='ltr'>regimen</span> <span class='ocrx_word' id='word_1_128' title='bbox 1002 1286 1199 1335; x_wconf 86' lang='lat' dir='ltr'>adsumi¹,</span> <span class='ocrx_word' id='word_1_129' title='bbox 1243 1287 1419 1337; x_wconf 83' lang='lat' dir='ltr'>qualiter</span> <span class='ocrx_word' id='word_1_130' title='bbox 1456 1287 1533 1335; x_wconf 89' lang='lat' dir='ltr'>ipsi</span> 
     </span>
     <span class='ocr_line' id='line_1_28' title="bbox 278 1350 1534 1401; baseline 0.002 -14"><span class='ocrx_word' id='word_1_131' title='bbox 278 1352 455 1387; x_wconf 90' lang='lat' dir='ltr'>rectores</span> <span class='ocrx_word' id='word_1_132' title='bbox 497 1350 646 1399; x_wconf 87' lang='lat' dir='ltr'>uiuere,</span> <span class='ocrx_word' id='word_1_133' title='bbox 692 1365 771 1400; x_wconf 80' lang='lat' dir='ltr'>qua</span> <span class='ocrx_word' id='word_1_134' title='bbox 817 1351 1085 1391; x_wconf 77' lang='lat' dir='ltr'>discretione2</span> <span class='ocrx_word' id='word_1_135' title='bbox 1133 1352 1314 1401; x_wconf 85' lang='lat' dir='ltr'>singulas</span> <span class='ocrx_word' id='word_1_136' title='bbox 1353 1365 1534 1401; x_wconf 84' lang='lat' dir='ltr'>quasque</span> 
     </span>
     <span class='ocr_line' id='line_1_29' title="bbox 278 1416 1535 1467; baseline 0.002 -14"><span class='ocrx_word' id='word_1_137' title='bbox 278 1416 535 1454; x_wconf 87' lang='lat' dir='ltr'>audientium</span> <span class='ocrx_word' id='word_1_138' title='bbox 555 1417 758 1455; x_wconf 85' lang='lat' dir='ltr'>instruere</span> <span class='ocrx_word' id='word_1_139' title='bbox 774 1431 975 1467; x_wconf 78' lang='lat' dir='ltr'>personas,</span> <span class='ocrx_word' id='word_1_140' title='bbox 994 1421 1033 1456; x_wconf 93' lang='lat' dir='ltr'>et</span> <span class='ocrx_word' id='word_1_141' title='bbox 1049 1421 1200 1467; x_wconf 86' lang='lat' dir='ltr'>quanta</span> <span class='ocrx_word' id='word_1_142' title='bbox 1212 1419 1535 1456; x_wconf 82' lang='lat' dir='ltr'>consideratione</span> 
     </span>
     <span class='ocr_line' id='line_1_30' title="bbox 277 1482 1532 1533; baseline 0.002 -15"><span class='ocrx_word' id='word_1_143' title='bbox 277 1482 486 1531; x_wconf 81' lang='lat' dir='ltr'>propriam</span> <span class='ocrx_word' id='word_1_144' title='bbox 520 1483 666 1520; x_wconf 88' lang='lat' dir='ltr'>cotidie</span> <span class='ocrx_word' id='word_1_145' title='bbox 698 1483 874 1522; x_wconf 85' lang='lat' dir='ltr'>debeant</span> <span class='ocrx_word' id='word_1_146' title='bbox 905 1484 1168 1533; x_wconf 83' lang='lat' dir='ltr'>fragilitatem</span> <span class='ocrx_word' id='word_1_147' title='bbox 1203 1497 1381 1532; x_wconf 86' lang='lat' dir='ltr'>pensare.</span> <span class='ocrx_word' id='word_1_148' title='bbox 1454 1484 1532 1522; x_wconf 81' lang='lat' dir='ltr'>Sed</span> 
     </span>
     <span class='ocr_line' id='line_1_31' title="bbox 276 1548 1534 1599; baseline 0.001 -14"><span class='ocrx_word' id='word_1_149' title='bbox 276 1550 316 1586; x_wconf 92' lang='lat' dir='ltr'>et</span> <span class='ocrx_word' id='word_1_150' title='bbox 347 1548 515 1586; x_wconf 82' lang='lat' dir='ltr'>omelias</span> <span class='ocrx_word' id='word_1_151' title='bbox 544 1549 747 1598; x_wconf 87' lang='lat' dir='ltr'>euangelii</span> <span class='ocrx_word' id='word_1_152' title='bbox 775 1563 945 1587; x_wconf 89' lang='lat' dir='ltr'>numero</span> <span class='ocrx_word' id='word_1_153' title='bbox 975 1550 1050 1587; x_wconf 90' lang='lat' dir='ltr'>XL</span> <span class='ocrx_word' id='word_1_154' title='bbox 1079 1550 1301 1599; x_wconf 74' lang='lat' dir='ltr'>conposuit,</span> <span class='ocrx_word' id='word_1_155' title='bbox 1335 1549 1460 1598; x_wconf 77' lang='lat' dir='ltr'>quas3</span> <span class='ocrx_word' id='word_1_156' title='bbox 1489 1549 1534 1586; x_wconf 93' lang='lat' dir='ltr'>in</span> 
     </span>
     <span class='ocr_line' id='line_1_32' title="bbox 278 1614 1533 1664; baseline 0.001 -13"><span class='ocrx_word' id='word_1_157' title='bbox 278 1614 437 1651; x_wconf 90' lang='lat' dir='ltr'>duobus</span> <span class='ocrx_word' id='word_1_158' title='bbox 457 1614 660 1652; x_wconf 83' lang='lat' dir='ltr'>codicibus</span> <span class='ocrx_word' id='word_1_159' title='bbox 688 1628 815 1664; x_wconf 86' lang='lat' dir='ltr'>aequa</span> <span class='ocrx_word' id='word_1_160' title='bbox 840 1620 947 1653; x_wconf 85' lang='lat' dir='ltr'>sorte</span> <span class='ocrx_word' id='word_1_161' title='bbox 974 1615 1174 1654; x_wconf 78' lang='lat' dir='ltr'>distinxit.</span> <span class='ocrx_word' id='word_1_162' title='bbox 1235 1616 1379 1653; x_wconf 88' lang='lat' dir='ltr'>Libros</span> <span class='ocrx_word' id='word_1_163' title='bbox 1408 1615 1533 1653; x_wconf 88' lang='lat' dir='ltr'>etiam</span> 
     </span>
     <span class='ocr_line' id='line_1_33' title="bbox 279 1679 1533 1730; baseline 0.002 -14"><span class='ocrx_word' id='word_1_164' title='bbox 279 1679 544 1729; x_wconf 84' lang='lat' dir='ltr'>Dialogorum</span> <span class='ocrx_word' id='word_1_165' title='bbox 569 1680 665 1718; x_wconf 90' lang='lat' dir='ltr'>IIII</span> <span class='ocrx_word' id='word_1_166' title='bbox 690 1681 797 1729; x_wconf 86' lang='lat' dir='ltr'>fecit,</span> <span class='ocrx_word' id='word_1_167' title='bbox 822 1681 865 1718; x_wconf 90' lang='lat' dir='ltr'>in</span> <span class='ocrx_word' id='word_1_168' title='bbox 891 1681 1049 1730; x_wconf 86' lang='lat' dir='ltr'>quibus,</span> <span class='ocrx_word' id='word_1_169' title='bbox 1074 1684 1215 1730; x_wconf 88' lang='lat' dir='ltr'>rogatu</span> <span class='ocrx_word' id='word_1_170' title='bbox 1241 1682 1355 1719; x_wconf 86' lang='lat' dir='ltr'>Petri</span> <span class='ocrx_word' id='word_1_171' title='bbox 1375 1681 1533 1718; x_wconf 89' lang='lat' dir='ltr'>diaconi</span> 
     </span>
     <span class='ocr_line' id='line_1_34' title="bbox 279 1745 1533 1796; baseline 0.002 -14"><span class='ocrx_word' id='word_1_172' title='bbox 279 1745 351 1793; x_wconf 89' lang='lat' dir='ltr'>sui,</span> <span class='ocrx_word' id='word_1_173' title='bbox 385 1745 562 1783; x_wconf 88' lang='lat' dir='ltr'>uirtutes</span> <span class='ocrx_word' id='word_1_174' title='bbox 590 1748 836 1794; x_wconf 88' lang='lat' dir='ltr'>sanctorum,</span> <span class='ocrx_word' id='word_1_175' title='bbox 862 1760 962 1796; x_wconf 88' lang='lat' dir='ltr'>quos</span> <span class='ocrx_word' id='word_1_176' title='bbox 991 1747 1035 1784; x_wconf 90' lang='lat' dir='ltr'>in</span> <span class='ocrx_word' id='word_1_177' title='bbox 1065 1747 1186 1785; x_wconf 84' lang='lat' dir='ltr'>Italia</span> <span class='ocrx_word' id='word_1_178' title='bbox 1208 1747 1395 1784; x_wconf 87' lang='lat' dir='ltr'>clariores</span> <span class='ocrx_word' id='word_1_179' title='bbox 1415 1759 1533 1784; x_wconf 89' lang='lat' dir='ltr'>nosse</span> 
     </span>
     <span class='ocr_line' id='line_1_35' title="bbox 279 1811 1533 1862; baseline 0.002 -14"><span class='ocrx_word' id='word_1_180' title='bbox 279 1811 345 1848; x_wconf 88' lang='lat' dir='ltr'>uel</span> <span class='ocrx_word' id='word_1_181' title='bbox 392 1811 531 1848; x_wconf 84' lang='lat' dir='ltr'>audire</span> <span class='ocrx_word' id='word_1_182' title='bbox 577 1813 747 1860; x_wconf 84' lang='lat' dir='ltr'>poterat,</span> <span class='ocrx_word' id='word_1_183' title='bbox 791 1813 840 1850; x_wconf 88' lang='lat' dir='ltr'>ad</span> <span class='ocrx_word' id='word_1_184' title='bbox 880 1813 1115 1862; x_wconf 80' lang='lat' dir='ltr'>exemplum</span> <span class='ocrx_word' id='word_1_185' title='bbox 1154 1812 1322 1851; x_wconf 90' lang='lat' dir='ltr'>uiuendi</span> <span class='ocrx_word' id='word_1_186' title='bbox 1358 1812 1533 1861; x_wconf 87' lang='lat' dir='ltr'>posteris</span> 
     </span>
     <span class='ocr_line' id='line_1_36' title="bbox 278 1875 1529 1927; baseline 0.002 -14"><span class='ocrx_word' id='word_1_187' title='bbox 278 1875 486 1926; x_wconf 68' lang='lat' dir='ltr'>collegit43</span> <span class='ocrx_word' id='word_1_188' title='bbox 534 1879 591 1925; x_wconf 87' lang='lat' dir='ltr'>ut,</span> <span class='ocrx_word' id='word_1_189' title='bbox 634 1877 738 1915; x_wconf 84' lang='lat' dir='ltr'>sicut</span> <span class='ocrx_word' id='word_1_190' title='bbox 775 1878 818 1915; x_wconf 91' lang='lat' dir='ltr'>in</span> <span class='ocrx_word' id='word_1_191' title='bbox 856 1878 973 1915; x_wconf 87' lang='lat' dir='ltr'>libris</span> <span class='ocrx_word' id='word_1_192' title='bbox 1011 1878 1313 1927; x_wconf 78' lang='lat' dir='ltr'>expositionum</span> <span class='ocrx_word' id='word_1_193' title='bbox 1351 1891 1529 1925; x_wconf 87' lang='lat' dir='ltr'>suarum,</span> 
     </span>
     <span class='ocr_line' id='line_1_37' title="bbox 279 1942 1533 1992; baseline 0.001 -13"><span class='ocrx_word' id='word_1_194' title='bbox 279 1942 426 1991; x_wconf 83' lang='lat' dir='ltr'>quibus</span> <span class='ocrx_word' id='word_1_195' title='bbox 460 1943 514 1980; x_wconf 90' lang='lat' dir='ltr'>sit</span> <span class='ocrx_word' id='word_1_196' title='bbox 543 1943 767 1981; x_wconf 86' lang='lat' dir='ltr'>uirtutibus</span> <span class='ocrx_word' id='word_1_197' title='bbox 796 1944 1085 1992; x_wconf 86' lang='lat' dir='ltr'>insudandum,</span> <span class='ocrx_word' id='word_1_198' title='bbox 1119 1944 1288 1991; x_wconf 84' lang='lat' dir='ltr'>edocuit,</span> <span class='ocrx_word' id='word_1_199' title='bbox 1324 1944 1381 1982; x_wconf 85' lang='lat' dir='ltr'>ita</span> <span class='ocrx_word' id='word_1_200' title='bbox 1409 1943 1533 1981; x_wconf 88' lang='lat' dir='ltr'>etiam</span> 
     </span>
     <span class='ocr_line' id='line_1_38' title="bbox 279 2007 1534 2058; baseline 0.001 -13"><span class='ocrx_word' id='word_1_201' title='bbox 279 2007 492 2057; x_wconf 85' lang='lat' dir='ltr'>descriptis</span> <span class='ocrx_word' id='word_1_202' title='bbox 522 2010 757 2046; x_wconf 87' lang='lat' dir='ltr'>sanctorum</span> <span class='ocrx_word' id='word_1_203' title='bbox 785 2009 1005 2057; x_wconf 78' lang='lat' dir='ltr'>miraculis,</span> <span class='ocrx_word' id='word_1_204' title='bbox 1031 2022 1131 2058; x_wconf 82' lang='lat' dir='ltr'>quae</span> <span class='ocrx_word' id='word_1_205' title='bbox 1157 2010 1361 2047; x_wconf 89' lang='lat' dir='ltr'>uirtutum</span> <span class='ocrx_word' id='word_1_206' title='bbox 1382 2022 1534 2047; x_wconf 80' lang='lat' dir='ltr'>earum-</span> 
     </span>
     <span class='ocr_line' id='line_1_39' title="bbox 278 2073 1532 2123; baseline 0.002 -14"><span class='ocrx_word' id='word_1_207' title='bbox 278 2073 372 2110; x_wconf 88' lang='lat' dir='ltr'>dem</span> <span class='ocrx_word' id='word_1_208' title='bbox 392 2073 446 2111; x_wconf 90' lang='lat' dir='ltr'>sit</span> <span class='ocrx_word' id='word_1_209' title='bbox 466 2074 636 2122; x_wconf 77' lang='lat' dir='ltr'>claritas,</span> <span class='ocrx_word' id='word_1_210' title='bbox 662 2075 905 2113; x_wconf 86' lang='lat' dir='ltr'>ostenderet.</span> <span class='ocrx_word' id='word_1_211' title='bbox 965 2074 1151 2112; x_wconf 87' lang='lat' dir='ltr'>Primam</span> <span class='ocrx_word' id='word_1_212' title='bbox 1180 2088 1340 2123; x_wconf 88' lang='lat' dir='ltr'>quoque</span> <span class='ocrx_word' id='word_1_213' title='bbox 1369 2076 1409 2112; x_wconf 90' lang='lat' dir='ltr'>et</span> <span class='ocrx_word' id='word_1_214' title='bbox 1437 2074 1532 2111; x_wconf 90' lang='lat' dir='ltr'>ulti-</span> 
     </span>
     <span class='ocr_line' id='line_1_40' title="bbox 277 2139 1534 2189; baseline 0.002 -14"><span class='ocrx_word' id='word_1_215' title='bbox 277 2151 389 2176; x_wconf 87' lang='lat' dir='ltr'>mam</span> <span class='ocrx_word' id='word_1_216' title='bbox 420 2139 642 2177; x_wconf 87' lang='lat' dir='ltr'>Ezechielis</span> <span class='ocrx_word' id='word_1_217' title='bbox 658 2140 670 2158; x_wconf 76' lang='lat'><strong>⁵</strong></span> <span class='ocrx_word' id='word_1_218' title='bbox 699 2140 920 2189; x_wconf 85' lang='lat' dir='ltr'>prophetae</span> <span class='ocrx_word' id='word_1_219' title='bbox 949 2142 1117 2189; x_wconf 87' lang='lat' dir='ltr'>partem,</span> <span class='ocrx_word' id='word_1_220' title='bbox 1154 2153 1255 2189; x_wconf 83' lang='lat' dir='ltr'>quae</span> <span class='ocrx_word' id='word_1_221' title='bbox 1287 2140 1534 2178; x_wconf 86' lang='lat' dir='ltr'>uidebantur</span> 
     </span>
     <span class='ocr_line' id='line_1_41' title="bbox 277 2203 1532 2254; baseline 0.002 -14"><span class='ocrx_word' id='word_1_222' title='bbox 277 2203 539 2253; x_wconf 85' lang='lat' dir='ltr'>obscuriores,</span> <span class='ocrx_word' id='word_1_223' title='bbox 572 2219 644 2254; x_wconf 87' lang='lat' dir='ltr'>per</span> <span class='ocrx_word' id='word_1_224' title='bbox 672 2206 841 2244; x_wconf 83' lang='lat' dir='ltr'>omelias</span> <span class='ocrx_word' id='word_1_225' title='bbox 870 2206 952 2244; x_wconf 89' lang='lat' dir='ltr'>XX</span> <span class='ocrx_word' id='word_1_226' title='bbox 983 2208 1021 2244; x_wconf 88' lang='lat' dir='ltr'>et</span> <span class='ocrx_word' id='word_1_227' title='bbox 1053 2206 1162 2253; x_wconf 82' lang='lat' dir='ltr'>duas,</span> <span class='ocrx_word' id='word_1_228' title='bbox 1198 2207 1399 2254; x_wconf 85' lang='lat' dir='ltr'>quantum</span> <span class='ocrx_word' id='word_1_229' title='bbox 1430 2205 1532 2243; x_wconf 87' lang='lat' dir='ltr'>lucis</span> 
     </span>
     <span class='ocr_line' id='line_1_42' title="bbox 277 2266 1531 2317; baseline 0.002 -14"><span class='ocrx_word' id='word_1_230' title='bbox 277 2266 390 2305; x_wconf 89' lang='lat' dir='ltr'>intus</span> <span class='ocrx_word' id='word_1_231' title='bbox 409 2266 597 2316; x_wconf 83' lang='lat' dir='ltr'>habeant,</span> <span class='ocrx_word' id='word_1_232' title='bbox 622 2269 932 2307; x_wconf 88' lang='lat' dir='ltr'>demonstrauit.</span> <span class='ocrx_word' id='word_1_233' title='bbox 993 2269 1171 2317; x_wconf 83' lang='lat' dir='ltr'>Excepto</span> <span class='ocrx_word' id='word_1_234' title='bbox 1197 2268 1338 2306; x_wconf 89' lang='lat' dir='ltr'>libello</span> <span class='ocrx_word' id='word_1_235' title='bbox 1366 2281 1531 2317; x_wconf 89' lang='lat' dir='ltr'>respon-</span> 
     </span>
     <span class='ocr_line' id='line_1_43' title="bbox 278 2331 1532 2383; baseline 0.001 -14"><span class='ocrx_word' id='word_1_236' title='bbox 278 2331 453 2380; x_wconf 89' lang='lat' dir='ltr'>sionum,</span> <span class='ocrx_word' id='word_1_237' title='bbox 497 2346 620 2381; x_wconf 88' lang='lat' dir='ltr'>quem</span> <span class='ocrx_word' id='word_1_238' title='bbox 668 2334 717 2371; x_wconf 88' lang='lat' dir='ltr'>ad</span> <span class='ocrx_word' id='word_1_239' title='bbox 763 2333 1101 2383; x_wconf 83' lang='lat' dir='ltr'>interrogationes</span> <span class='ocrx_word' id='word_1_240' title='bbox 1137 2333 1268 2371; x_wconf 88' lang='lat' dir='ltr'>sancti</span> <span class='ocrx_word' id='word_1_241' title='bbox 1304 2333 1532 2382; x_wconf 84' lang='lat' dir='ltr'>Augustini</span> 
     </span>
     <span class='ocr_line' id='line_1_44' title="bbox 278 2397 1532 2449; baseline 0.003 -16"><span class='ocrx_word' id='word_1_242' title='bbox 278 2397 403 2446; x_wconf 84' lang='lat' dir='ltr'>primi</span> <span class='ocrx_word' id='word_1_243' title='bbox 430 2398 664 2447; x_wconf 87' lang='lat' dir='ltr'>Anglorum</span> <span class='ocrx_word' id='word_1_244' title='bbox 693 2400 828 2448; x_wconf 89' lang='lat' dir='ltr'>gentis</span> <span class='ocrx_word' id='word_1_245' title='bbox 855 2399 1030 2448; x_wconf 86' lang='lat' dir='ltr'>episcopi</span> <span class='ocrx_word' id='word_1_246' title='bbox 1056 2399 1227 2449; x_wconf 88' lang='lat' dir='ltr'>scripsit,</span> <span class='ocrx_word' id='word_1_247' title='bbox 1252 2401 1298 2437; x_wconf 92' lang='lat' dir='ltr'>ut</span> <span class='ocrx_word' id='word_1_248' title='bbox 1324 2402 1365 2436; x_wconf 88' lang='lat' dir='ltr'>et</span> <span class='ocrx_word' id='word_1_249' title='bbox 1380 2400 1391 2419; x_wconf 72' lang='lat'><strong>⁶</strong></span> <span class='ocrx_word' id='word_1_250' title='bbox 1411 2412 1532 2448; x_wconf 86' lang='lat' dir='ltr'>supra</span> 
     </span>
     <span class='ocr_line' id='line_1_45' title="bbox 278 2459 1532 2511; baseline 0.002 -13"><span class='ocrx_word' id='word_1_251' title='bbox 278 2459 499 2507; x_wconf 88' lang='lat' dir='ltr'>docuimus,</span> <span class='ocrx_word' id='word_1_252' title='bbox 539 2463 674 2500; x_wconf 88' lang='lat' dir='ltr'>totum</span> <span class='ocrx_word' id='word_1_253' title='bbox 707 2462 845 2511; x_wconf 89' lang='lat' dir='ltr'>ipsum</span> <span class='ocrx_word' id='word_1_254' title='bbox 877 2462 1066 2500; x_wconf 86' lang='lat' dir='ltr'>libellum</span> <span class='ocrx_word' id='word_1_255' title='bbox 1104 2463 1169 2500; x_wconf 86' lang='lat' dir='ltr'>his</span> <span class='ocrx_word' id='word_1_256' title='bbox 1199 2463 1425 2500; x_wconf 86' lang='lat' dir='ltr'>inserentes</span> <span class='ocrx_word' id='word_1_257' title='bbox 1454 2463 1532 2500; x_wconf 90' lang='lat' dir='ltr'>his-</span> 
     </span>
    </p>
   </div>
   <div class='ocr_carea' id='block_1_7' title="bbox 279 2569 1531 2664">
    <p class='ocr_par' dir='ltr' id='par_1_8' title="bbox 279 2569 1531 2664">
     <span class='ocr_line' id='line_1_46' title="bbox 321 2569 1531 2612; baseline 0.004 -12"><span class='ocrx_word' id='word_1_258' title='bbox 321 2569 331 2587; x_wconf 91' lang='lat'>¹</span> <span class='ocrx_word' id='word_1_259' title='bbox 355 2572 394 2601; x_wconf 84' lang='lat' dir='ltr'>ut</span> <span class='ocrx_word' id='word_1_260' title='bbox 408 2581 510 2601; x_wconf 89' lang='lat' dir='ltr'>suum</span> <span class='ocrx_word' id='word_1_261' title='bbox 528 2571 572 2603; x_wconf 90' lang='lat' dir='ltr'>M.</span> <span class='ocrx_word' id='word_1_262' title='bbox 665 2572 676 2589; x_wconf 81' lang='lat'><strong>²</strong></span> <span class='ocrx_word' id='word_1_263' title='bbox 701 2573 921 2604; x_wconf 84' lang='lat' dir='ltr'>districtione</span> <span class='ocrx_word' id='word_1_264' title='bbox 938 2574 978 2605; x_wconf 92' lang='lat' dir='ltr'>N.</span> <span class='ocrx_word' id='word_1_265' title='bbox 1055 2573 1066 2591; x_wconf 83' lang='lat'>³</span> <span class='ocrx_word' id='word_1_266' title='bbox 1089 2584 1176 2612; x_wconf 88' lang='lat' dir='ltr'>quos</span> <span class='ocrx_word' id='word_1_267' title='bbox 1192 2573 1237 2605; x_wconf 87' lang='lat' dir='ltr'>M.</span> <span class='ocrx_word' id='word_1_268' title='bbox 1249 2575 1290 2605; x_wconf 86' lang='lat' dir='ltr'>B.</span> <span class='ocrx_word' id='word_1_269' title='bbox 1302 2574 1366 2612; x_wconf 91' lang='lat' dir='ltr'>W;</span> <span class='ocrx_word' id='word_1_270' title='bbox 1383 2573 1477 2612; x_wconf 91' lang='lat' dir='ltr'>quod</span> <span class='ocrx_word' id='word_1_271' title='bbox 1490 2573 1531 2605; x_wconf 91' lang='lat' dir='ltr'>N.</span> 
     </span>
     <span class='ocr_line' id='line_1_47' title="bbox 279 2622 1477 2664; baseline 0.002 -10"><span class='ocrx_word' id='word_1_272' title='bbox 279 2622 289 2639; x_wconf 63' lang='lat'>4</span> <span class='ocrx_word' id='word_1_273' title='bbox 314 2623 446 2662; x_wconf 85' lang='lat' dir='ltr'>colligit</span> <span class='ocrx_word' id='word_1_274' title='bbox 457 2623 514 2654; x_wconf 89' lang='lat' dir='ltr'>M¹.</span> <span class='ocrx_word' id='word_1_275' title='bbox 530 2623 584 2655; x_wconf 80' lang='lat' dir='ltr'>N1.</span> <span class='ocrx_word' id='word_1_276' title='bbox 672 2625 684 2643; x_wconf 84' lang='lat'>⁵</span> <span class='ocrx_word' id='word_1_277' title='bbox 706 2626 744 2655; x_wconf 90' lang='lat' dir='ltr'>in</span> <span class='ocrx_word' id='word_1_278' title='bbox 760 2626 877 2656; x_wconf 86' lang='lat' dir='ltr'>ezech·</span> <span class='ocrx_word' id='word_1_279' title='bbox 896 2626 930 2656; x_wconf 91' lang='lat' dir='ltr'>M</span> <span class='ocrx_word' id='word_1_280' title='bbox 948 2637 956 2664; x_wconf 95' lang='lat'>;</span> <span class='ocrx_word' id='word_1_281' title='bbox 979 2626 1070 2656; x_wconf 88' lang='lat' dir='ltr'>hiez-</span> <span class='ocrx_word' id='word_1_282' title='bbox 1088 2627 1130 2657; x_wconf 92' lang='lat' dir='ltr'>N.</span> <span class='ocrx_word' id='word_1_283' title='bbox 1148 2625 1201 2658; x_wconf 75' lang='lat' dir='ltr'>B2.</span> <span class='ocrx_word' id='word_1_284' title='bbox 1290 2626 1302 2644; x_wconf 78' lang='lat'><strong>⁶</strong></span> <span class='ocrx_word' id='word_1_285' title='bbox 1324 2628 1359 2657; x_wconf 85' lang='lat' dir='ltr'>et</span> <span class='ocrx_word' id='word_1_286' title='bbox 1375 2627 1417 2656; x_wconf 88' lang='lat' dir='ltr'>ut</span> <span class='ocrx_word' id='word_1_287' title='bbox 1433 2625 1477 2656; x_wconf 88' lang='lat' dir='ltr'>M.</span> 
     </span>
    </p>
   </div>
   <div class='ocr_carea' id='block_1_8' title="bbox 1556 644 1724 720">
    <p class='ocr_par' dir='ltr' id='par_1_9' title="bbox 1556 644 1724 720">
     <span class='ocr_line' id='line_1_48' title="bbox 1556 644 1724 673; baseline 0.012 -2"><span class='ocrx_word' id='word_1_288' title='bbox 1556 644 1630 673; x_wconf 83' lang='lat' dir='ltr'>Luc.</span> <span class='ocrx_word' id='word_1_289' title='bbox 1640 644 1724 673; x_wconf 84' lang='lat' dir='ltr'>xxiV.</span> 
     </span>
     <span class='ocr_line' id='line_1_49' title="bbox 1556 693 1599 720; baseline 0.023 -1"><span class='ocrx_word' id='word_1_290' title='bbox 1556 693 1599 720; x_wconf 84' lang='lat'>39·</span> 
     </span>
    </p>
   </div>
   <div class='ocr_carea' id='block_1_9' title="bbox 1556 1164 1670 1194">
    <p class='ocr_par' dir='ltr' id='par_1_10' title="bbox 1556 1164 1670 1194">
     <span class='ocr_line' id='line_1_50' title="bbox 1556 1164 1670 1194; baseline 0.018 -2"><span class='ocrx_word' id='word_1_291' title='bbox 1556 1164 1576 1194; x_wconf 88' lang='lat' dir='ltr'>f.</span> <span class='ocrx_word' id='word_1_292' title='bbox 1593 1166 1628 1193; x_wconf 85' lang='lat'>26</span> <span class='ocrx_word' id='word_1_293' title='bbox 1642 1167 1670 1194; x_wconf 92' lang='lat' dir='ltr'>b.</span> 
     </span>
    </p>
   </div>
   <div class='ocr_carea' id='block_1_10' title="bbox 1750 673 1803 2887">
    <p class='ocr_par' dir='ltr' id='par_1_11' title="bbox 1750 673 1803 2887">
     <span class='ocr_line' id='line_1_51' title="bbox 1750 673 1803 2887; baseline 0 0"><span class='ocrx_word' id='word_1_294' title='bbox 1750 673 1803 2887; x_wconf 95' lang='lat' dir='ltr'> </span> 
     </span>
    </p>
   </div>
  </div>
 </body>
</html>
