1803 2887
34 2160 55 2189 f.
75 2169 122 2194 114
136 2160 165 2189 b.

221 152 299 182 Car.
316 147 425 189 XIX]
623 140 774 183 Gentis
803 141 1072 196 Angylorum.
1392 141 1475 182 321

222 256 436 304 celebrant,
466 256 534 294 uel
558 256 638 294 alia
666 255 858 305 perplura
886 255 1178 293 ecclesiasticae
1206 252 1408 293 castitati¹
1436 257 1477 293 et

220 321 310 371 paci
349 322 549 359 contraria
586 324 746 371 gerunt,
788 321 1024 369 multosque
1067 333 1218 368 eorum,
1263 321 1333 369 qui
1371 320 1478 359 Occi-

222 388 454 426 dentalibus
502 387 730 425 Saxonibus
776 385 933 423 subditi
981 388 1098 423 erant
1144 386 1374 432 BrettoneS,
1426 385 1475 422 ad

222 453 463 492 catholicam
513 451 709 490 dominici
755 451 928 500 paschae
984 451 1301 489 celebrationem
1352 450 1478 488 huius

221 518 396 557 lectione
432 518 632 567 perduxit.
693 517 863 565 Scripsit
903 519 943 554 et
975 517 1024 553 de
1057 516 1294 565 uirginitate
1324 516 1478 553 librum

222 583 432 631 eximium,
459 597 580 632 quem
603 583 647 620 in
669 581 908 630 exemplum
928 581 1086 619 Sedulii
1112 582 1321 631 geminato
1343 594 1473 630 opere,

223 652 262 687 et
282 649 470 687 uersibus
488 648 719 695 exametris,
745 649 785 685 et
804 660 922 696 prosa
948 647 1175 696 conposuit.
1237 647 1407 695 Scripsit
1438 648 1478 684 et

222 714 300 753 alia
336 715 547 763 nonnulla,
583 715 725 763 utpote
758 713 823 751 uir
861 713 1149 762 undecumque
1188 712 1477 759 doctissimus3

222 794 320 819 nam
341 783 381 819 et
400 794 588 819 sermone
607 780 774 827 nitidus,
799 781 838 817 et
861 779 1165 828 scripturarum,
1199 780 1245 816 ut
1272 779 1366 825 dixi,
1392 781 1478 816 tam

223 845 457 884 liberalium
487 859 611 895 quam
641 845 1005 882 ecclesiasticarum
1036 846 1121 882 erat
1151 844 1379 882 eruditione
1407 844 1479 881 mi-

222 912 386 950 randus.
448 911 537 959 Quo
559 911 763 957 defuncto,
787 910 1072 959 pontificatum
1102 923 1175 959 pro
1199 922 1246 947 eo
1276 910 1479 958 suscepit‘2

221 977 449 1024 Fortheri3,
484 977 554 1026 qui
582 989 711 1026 usque
745 976 867 1013 hodie
898 978 1112 1024 superest3
1151 977 1216 1013 uir
1247 978 1287 1013 et
1319 975 1406 1024 ipse
1435 975 1479 1012 in

222 1044 435 1093 scripturis
454 1044 606 1082 sanctis
626 1043 807 1081 multum
823 1043 1020 1080 eruditus.

278 1110 436 1158 Quibus
464 1110 742 1159 episcopatum
770 1108 1158 1147 administrantibus
1186 1111 1390 1147 statutum
1420 1110 1481 1145 est

227 1175 414 1226 synodali
448 1175 618 1222 decreto,
649 1177 695 1212 ut
725 1175 938 1224 prouincia
969 1175 1228 1212 Australium
1256 1174 1477 1220 Saxonum,

225 1254 326 1290 quae
352 1242 522 1278 eatenus
551 1241 600 1278 ad
629 1240 808 1278 ciuitatis
830 1241 1056 1287 Uentanae,
1082 1240 1147 1278 cui
1176 1242 1275 1278 tunc
1305 1239 1482 1278 Danihel

224 1308 418 1357 praeerat,
456 1306 711 1355 parrochiam
751 1306 992 1354 pertinebat,
1029 1308 1069 1343 et
1102 1306 1191 1355 ipsa
1227 1306 1367 1344 sedem
1406 1305 1484 1354 epi-

223 1372 437 1420 scopalem,
485 1385 529 1409 ac
578 1371 791 1420 proprium
834 1371 1001 1409 haberet
1044 1370 1308 1420 episcopum3
1351 1384 1484 1408 conse-

227 1439 444 1486 cratusque
473 1440 533 1475 est
563 1438 620 1474 eis
645 1437 804 1486 primus
833 1437 1007 1474 antistes
1036 1436 1237 1474 Eadberct
1250 1437 1274 1484 4,
1300 1437 1370 1485 qui
1399 1438 1484 1474 erat

225 1502 349 1540 abbas
377 1503 615 1540 monasterii
644 1502 784 1540 beatae
813 1502 1035 1539 memoriae
1064 1502 1261 1540 Uilfridi⁵
1291 1502 1479 1551 episcopi,

228 1568 336 1616 quod
379 1567 528 1605 dicitur
576 1568 803 1615 Selaeseu⁶;
854 1581 933 1616 quo
982 1567 1188 1615 defuncto,
1237 1568 1355 1606 Eolla
1403 1580 1484 1605 sus-

226 1633 357 1683 cepit⁷
381 1633 559 1671 officium
579 1633 854 1682 pontificatus.
916 1633 1013 1682 Ipso
1040 1634 1178 1670 autem
1205 1635 1300 1671 ante
1329 1633 1485 1683 aliquot

228 1711 359 1736 annos
388 1712 437 1737 ex
465 1699 540 1737 hac
569 1699 659 1736 luce
683 1698 902 1747 subtracto,
928 1699 1183 1749 episcopatus
1209 1711 1339 1748 usque
1365 1698 1485 1736 hodie

228 1764 411 1804 cessauit.

720 1907 840 1946 CAP.
875 1907 992 1946 XIX.

232 2014 269 2042 Ut
285 2014 410 2043 Coinred
423 2010 433 2027 ⁸
447 2014 631 2042 Merciorum
647 2016 673 2042 et
698 2014 763 2049 Offa
783 2014 983 2042 Orientalium
1002 2014 1162 2042 Saxonum
1187 2022 1237 2042 rar
1260 2015 1293 2042 in
1314 2015 1487 2042 monachico

255 2067 364 2095 habitu
381 2067 494 2095 Romae
510 2067 765 2101 uitam-finierim
780 2077 789 2094 .·
813 2069 838 2095 et
855 2067 890 2094 (Ie
909 2068 973 2094 υἱέα
993 2067 1037 2095 uel
1053 2068 1135 2095 obitu
1156 2067 1285 2102 Uilfricli
1296 2063 1308 2081 ⁵
1322 2067 1463 2101 episcopi.

291 2149 296 2202 Ι
321 2152 444 2189 Amo
473 2153 612 2189 autem
641 2151 805 2200 imperii
835 2151 980 2189 Osredi
1009 2151 1135 2199 11110‚
1171 2151 1383 2199 coinredsg
1416 2150 1488 2200 qui

231 2230 355 2267 regno
377 2216 626 2254 Merciorum
646 2216 904 2254 nobilissime
928 2218 1112 2266 tempore
1140 2217 1351 2266 aliquanto
1380 2229 1488 2265 prae-

231 2282 374 2330 fuerat,
414 2282 593 2320 nobilius
626 2282 760 2320 multo
794 2283 910 2331 regni
943 2284 1102 2331 sceptra
1142 2282 1318 2331 reliquit.
1382 2282 1488 2320 Nam

234 2348 350 2386 uenit
378 2349 563 2396 Romam,
591 2347 731 2397 ibique
760 2348 968 2395 adtonsus,
997 2347 1286 2397 pontificatum
1310 2347 1489 2386 habente

275 2467 286 2485 ¹
310 2468 451 2498 caritati
467 2466 520 2497 B2.
709 2466 721 2484 ²
743 2467 846 2505 -cipit
863 2467 906 2497 M.
1093 2464 1105 2482 ³
1129 2476 1180 2496 —re
1199 2466 1248 2504 133
1272 2465 1432 2497 forbhere
1449 2466 1485 2497 C.

231 2520 243 2537 4
267 2519 385 2550 ·berht
401 2519 436 2550 C.
535 2519 547 2537 ⁵
569 2519 660 2549 uuil·
678 2519 713 2550 C.
820 2517 832 2534 ⁶
854 2519 986 2549 seleseu
1004 2518 1064 2557 C¹;
1088 2518 1172 2549 seal-
1191 2517 1240 2549 (3².
1354 2517 1365 2534 ⁷
1387 2519 1489 2558 -cipit

234 2572 278 2603 M.
368 2570 380 2588 ⁸
402 2571 489 2602 dred
498 2572 552 2608 for
568 2571 710 2602 coinred
726 2571 758 2601 N
773 2581 780 2609 ;
805 2570 955 2601 coenred
972 2570 1008 2601 C.
1097 2570 1109 2587 ⁹
1132 2580 1231 2601 coen-
1248 2570 1286 2601 C.

849 2639 878 2664 Y

1506 1118 1651 1146 Eadbert

1505 1157 1577 1185 first
1594 1157 1710 1191 bishop

1506 1196 1542 1223 of
1553 1197 1611 1225 the

1508 1236 1612 1264 South

1508 1276 1640 1304 Saxons.

1512 2158 1638 2186 Cenred

1511 2197 1547 2225 of
1559 2197 1682 2225 Mercia

1512 2238 1579 2265 and
1594 2237 1667 2265 Offa
1685 2238 1720 2264 of

1511 2277 1611 2304 Essex
1630 2285 1669 2311 go
1684 2278 1720 2303 to

1512 2318 1623 2351 Rome,
1640 2325 1667 2343 A.
1679 2325 1708 2343 n.

1513 2365 1574 2392 709·
