<?xml version="1.0" encoding="UTF-8"?>
<!DOCTYPE html PUBLIC "-//W3C//DTD XHTML 1.0 Transitional//EN"
    "http://www.w3.org/TR/xhtml1/DTD/xhtml1-transitional.dtd">
<html xmlns="http://www.w3.org/1999/xhtml" xml:lang="en" lang="en">
 <head>
  <title>
</title>
<meta http-equiv="Content-Type" content="text/html;charset=utf-8" />
  <meta name='ocr-system' content='tesseract 3.04.00' />
  <meta name='ocr-capabilities' content='ocr_page ocr_carea ocr_par ocr_line ocrx_word'/>
</head>
<body>
  <div class='ocr_page' id='page_1' title='image "./venerabilisbaeda00bedeuoft_0236.png"; bbox 0 0 1803 2887; ppageno 0'>
   <div class='ocr_carea' id='block_1_1' title="bbox 302 157 1552 205">
    <p class='ocr_par' dir='ltr' id='par_1_1' title="bbox 302 157 1552 205">
     <span class='ocr_line' id='line_1_1' title="bbox 302 157 1552 205; baseline -0.002 -5"><span class='ocrx_word' id='word_1_1' title='bbox 302 161 357 201; x_wconf 84' lang='lat'>46</span> <span class='ocrx_word' id='word_1_2' title='bbox 667 158 877 200; x_wconf 68' lang='lat' dir='ltr'>Historia</span> <span class='ocrx_word' id='word_1_3' title='bbox 903 157 1207 200; x_wconf 63' lang='lat' dir='ltr'>Ecclesiastica</span> <span class='ocrx_word' id='word_1_4' title='bbox 1424 164 1509 205; x_wconf 78' lang='lat' dir='ltr'>[Lm.</span> <span class='ocrx_word' id='word_1_5' title='bbox 1526 168 1552 198; x_wconf 85' lang='grc' dir='ltr'>Ι.</span> 
     </span>
    </p>
   </div>
   <div class='ocr_carea' id='block_1_2' title="bbox 78 273 1567 1959">
    <p class='ocr_par' dir='ltr' id='par_1_2' title="bbox 78 273 1567 1959">
     <span class='ocr_line' id='line_1_2' title="bbox 302 273 1555 324; baseline -0.001 -11"><span class='ocrx_word' id='word_1_6' title='bbox 302 276 479 314; x_wconf 84' lang='lat' dir='ltr'>ferentes</span> <span class='ocrx_word' id='word_1_7' title='bbox 498 276 743 323; x_wconf 70' lang='lat' dir='ltr'>argenteam,</span> <span class='ocrx_word' id='word_1_8' title='bbox 769 276 808 312; x_wconf 85' lang='lat' dir='ltr'>et</span> <span class='ocrx_word' id='word_1_9' title='bbox 828 274 1052 324; x_wconf 81' lang='lat' dir='ltr'>imaginem</span> <span class='ocrx_word' id='word_1_10' title='bbox 1079 273 1248 312; x_wconf 84' lang='lat' dir='ltr'>Domini</span> <span class='ocrx_word' id='word_1_11' title='bbox 1271 273 1493 312; x_wconf 83' lang='lat' dir='ltr'>Saluatoris</span> <span class='ocrx_word' id='word_1_12' title='bbox 1511 273 1555 312; x_wconf 90' lang='lat' dir='ltr'>in</span> 
     </span>
     <span class='ocr_line' id='line_1_3' title="bbox 302 339 1555 390; baseline -0.002 -11"><span class='ocrx_word' id='word_1_13' title='bbox 302 341 440 379; x_wconf 82' lang='lat' dir='ltr'>tabula</span> <span class='ocrx_word' id='word_1_14' title='bbox 468 341 679 390; x_wconf 85' lang='lat' dir='ltr'>depictam,</span> <span class='ocrx_word' id='word_1_15' title='bbox 705 340 982 389; x_wconf 76' lang='lat' dir='ltr'>laetaniasque</span> <span class='ocrx_word' id='word_1_16' title='bbox 1011 341 1202 378; x_wconf 75' lang='lat' dir='ltr'>canentes</span> <span class='ocrx_word' id='word_1_17' title='bbox 1231 353 1304 388; x_wconf 90' lang='lat' dir='ltr'>pro</span> <span class='ocrx_word' id='word_1_18' title='bbox 1333 352 1405 377; x_wconf 86' lang='lat' dir='ltr'>sua</span> <span class='ocrx_word' id='word_1_19' title='bbox 1431 339 1555 377; x_wconf 89' lang='lat' dir='ltr'>simul</span> 
     </span>
     <span class='ocr_line' id='line_1_4' title="bbox 303 404 1556 455; baseline -0.002 -10"><span class='ocrx_word' id='word_1_20' title='bbox 303 409 343 445; x_wconf 85' lang='lat' dir='ltr'>et</span> <span class='ocrx_word' id='word_1_21' title='bbox 377 419 530 452; x_wconf 81' lang='lat' dir='ltr'>eorum,</span> <span class='ocrx_word' id='word_1_22' title='bbox 563 407 728 454; x_wconf 88' lang='lat' dir='ltr'>propter</span> <span class='ocrx_word' id='word_1_23' title='bbox 758 419 858 455; x_wconf 88' lang='lat' dir='ltr'>quos</span> <span class='ocrx_word' id='word_1_24' title='bbox 892 407 932 443; x_wconf 86' lang='lat' dir='ltr'>et</span> <span class='ocrx_word' id='word_1_25' title='bbox 965 405 1015 443; x_wconf 89' lang='lat' dir='ltr'>ad</span> <span class='ocrx_word' id='word_1_26' title='bbox 1045 418 1146 454; x_wconf 87' lang='lat' dir='ltr'>quos</span> <span class='ocrx_word' id='word_1_27' title='bbox 1178 407 1387 450; x_wconf 85' lang='lat' dir='ltr'>uenerant,</span> <span class='ocrx_word' id='word_1_28' title='bbox 1426 404 1556 442; x_wconf 86' lang='lat' dir='ltr'>salute</span> 
     </span>
     <span class='ocr_line' id='line_1_5' title="bbox 302 469 1555 520; baseline -0.002 -11"><span class='ocrx_word' id='word_1_29' title='bbox 302 474 476 519; x_wconf 86' lang='lat' dir='ltr'>aeterna,</span> <span class='ocrx_word' id='word_1_30' title='bbox 502 470 680 508; x_wconf 89' lang='lat' dir='ltr'>Domino</span> <span class='ocrx_word' id='word_1_31' title='bbox 701 471 995 520; x_wconf 84' lang='lat' dir='ltr'>supplicabant.</span> <span class='ocrx_word' id='word_1_32' title='bbox 1056 471 1243 519; x_wconf 86' lang='lat' dir='ltr'>Cumque</span> <span class='ocrx_word' id='word_1_33' title='bbox 1262 470 1311 508; x_wconf 90' lang='lat' dir='ltr'>ad</span> <span class='ocrx_word' id='word_1_34' title='bbox 1332 469 1555 507; x_wconf 88' lang='lat' dir='ltr'>iussionem</span> 
     </span>
     <span class='ocr_line' id='line_1_6' title="bbox 303 535 1557 586; baseline -0.002 -12"><span class='ocrx_word' id='word_1_35' title='bbox 303 537 410 586; x_wconf 79' lang='lat' dir='ltr'>regis</span> <span class='ocrx_word' id='word_1_36' title='bbox 431 536 656 574; x_wconf 75' lang='lat' dir='ltr'>residentes</span> <span class='ocrx_word' id='word_1_37' title='bbox 675 536 850 573; x_wconf 88' lang='lat' dir='ltr'>uerbum</span> <span class='ocrx_word' id='word_1_38' title='bbox 870 536 908 573; x_wconf 90' lang='lat' dir='ltr'>ei</span> <span class='ocrx_word' id='word_1_39' title='bbox 927 537 1035 573; x_wconf 88' lang='lat' dir='ltr'>uitae</span> <span class='ocrx_word' id='word_1_40' title='bbox 1055 549 1136 573; x_wconf 87' lang='lat' dir='ltr'>una</span> <span class='ocrx_word' id='word_1_41' title='bbox 1156 548 1249 573; x_wconf 89' lang='lat' dir='ltr'>cum</span> <span class='ocrx_word' id='word_1_42' title='bbox 1266 535 1468 582; x_wconf 86' lang='lat' dir='ltr'>omnibus,</span> <span class='ocrx_word' id='word_1_43' title='bbox 1487 535 1557 584; x_wconf 90' lang='lat' dir='ltr'>qui</span> 
     </span>
     <span class='ocr_line' id='line_1_7' title="bbox 303 599 1557 650; baseline -0.002 -11"><span class='ocrx_word' id='word_1_44' title='bbox 303 603 482 649; x_wconf 87' lang='lat' dir='ltr'>aderant,</span> <span class='ocrx_word' id='word_1_45' title='bbox 524 601 613 639; x_wconf 88' lang='lat' dir='ltr'>eius</span> <span class='ocrx_word' id='word_1_46' title='bbox 650 601 869 639; x_wconf 70' lang='lat' dir='ltr'>comitibus</span> <span class='ocrx_word' id='word_1_47' title='bbox 905 601 1194 650; x_wconf 76' lang='lat' dir='ltr'>praedicarent,</span> <span class='ocrx_word' id='word_1_48' title='bbox 1240 599 1450 649; x_wconf 85' lang='lat' dir='ltr'>respondit</span> <span class='ocrx_word' id='word_1_49' title='bbox 1488 599 1557 637; x_wconf 90' lang='lat' dir='ltr'>ille</span> 
     </span>
     <span class='ocr_line' id='line_1_8' title="bbox 305 665 1554 715; baseline -0.001 -11"><span class='ocrx_word' id='word_1_50' title='bbox 305 667 468 705; x_wconf 86' lang='lat' dir='ltr'>dicens:</span> <span class='ocrx_word' id='word_1_51' title='bbox 514 666 718 704; x_wconf 82' lang='lat' dir='ltr'>‘Pulchra</span> <span class='ocrx_word' id='word_1_52' title='bbox 752 668 848 704; x_wconf 89' lang='lat' dir='ltr'>sunt</span> <span class='ocrx_word' id='word_1_53' title='bbox 883 665 1074 715; x_wconf 85' lang='lat' dir='ltr'>quidem¹</span> <span class='ocrx_word' id='word_1_54' title='bbox 1108 667 1234 704; x_wconf 88' lang='lat' dir='ltr'>uerba</span> <span class='ocrx_word' id='word_1_55' title='bbox 1272 668 1311 704; x_wconf 84' lang='lat' dir='ltr'>et</span> <span class='ocrx_word' id='word_1_56' title='bbox 1344 665 1554 715; x_wconf 84' lang='lat' dir='ltr'>promissa,</span> 
     </span>
     <span class='ocr_line' id='line_1_9' title="bbox 305 731 1558 782; baseline -0.002 -12"><span class='ocrx_word' id='word_1_57' title='bbox 305 746 408 782; x_wconf 84' lang='lat' dir='ltr'>quae</span> <span class='ocrx_word' id='word_1_58' title='bbox 444 732 636 779; x_wconf 80' lang='lat' dir='ltr'>adfertis;</span> <span class='ocrx_word' id='word_1_59' title='bbox 671 733 739 770; x_wconf 87' lang='lat' dir='ltr'>sed</span> <span class='ocrx_word' id='word_1_60' title='bbox 778 732 873 781; x_wconf 87' lang='lat' dir='ltr'>quia</span> <span class='ocrx_word' id='word_1_61' title='bbox 910 745 1018 770; x_wconf 88' lang='lat' dir='ltr'>noua</span> <span class='ocrx_word' id='word_1_62' title='bbox 1055 733 1153 769; x_wconf 87' lang='lat' dir='ltr'>sunt</span> <span class='ocrx_word' id='word_1_63' title='bbox 1190 733 1231 769; x_wconf 89' lang='lat' dir='ltr'>et</span> <span class='ocrx_word' id='word_1_64' title='bbox 1268 731 1431 779; x_wconf 79' lang='lat' dir='ltr'>incerta,</span> <span class='ocrx_word' id='word_1_65' title='bbox 1475 744 1558 768; x_wconf 91' lang='lat' dir='ltr'>non</span> 
     </span>
     <span class='ocr_line' id='line_1_10' title="bbox 304 796 1559 847; baseline -0.002 -12"><span class='ocrx_word' id='word_1_66' title='bbox 304 798 370 836; x_wconf 93' lang='lat' dir='ltr'>his</span> <span class='ocrx_word' id='word_1_67' title='bbox 392 811 559 847; x_wconf 89' lang='lat' dir='ltr'>possum</span> <span class='ocrx_word' id='word_1_68' title='bbox 586 798 805 835; x_wconf 87' lang='lat' dir='ltr'>adsensum</span> <span class='ocrx_word' id='word_1_69' title='bbox 832 797 1020 844; x_wconf 87' lang='lat' dir='ltr'>tribuere,</span> <span class='ocrx_word' id='word_1_70' title='bbox 1044 796 1199 834; x_wconf 86' lang='lat' dir='ltr'>relictis</span> <span class='ocrx_word' id='word_1_71' title='bbox 1225 796 1293 844; x_wconf 86' lang='lat' dir='ltr'>eis,</span> <span class='ocrx_word' id='word_1_72' title='bbox 1318 809 1420 845; x_wconf 88' lang='lat' dir='ltr'>quae</span> <span class='ocrx_word' id='word_1_73' title='bbox 1443 797 1559 834; x_wconf 85' lang='lat' dir='ltr'>tanto</span> 
     </span>
     <span class='ocr_line' id='line_1_11' title="bbox 304 861 1559 912; baseline -0.002 -12"><span class='ocrx_word' id='word_1_74' title='bbox 304 866 487 912; x_wconf 86' lang='lat' dir='ltr'>tempore</span> <span class='ocrx_word' id='word_1_75' title='bbox 508 876 601 900; x_wconf 91' lang='lat' dir='ltr'>cum</span> <span class='ocrx_word' id='word_1_76' title='bbox 629 863 743 900; x_wconf 89' lang='lat' dir='ltr'>omni</span> <span class='ocrx_word' id='word_1_77' title='bbox 762 862 997 911; x_wconf 80' lang='lat' dir='ltr'>Anglorum</span> <span class='ocrx_word' id='word_1_78' title='bbox 1024 864 1145 911; x_wconf 84' lang='lat' dir='ltr'>gente</span> <span class='ocrx_word' id='word_1_79' title='bbox 1169 861 1340 900; x_wconf 89' lang='lat' dir='ltr'>seruaui.</span> <span class='ocrx_word' id='word_1_80' title='bbox 1401 861 1559 900; x_wconf 87' lang='lat' dir='ltr'>Uerum</span> 
     </span>
     <span class='ocr_line' id='line_1_12' title="bbox 305 926 1557 978; baseline -0.001 -13"><span class='ocrx_word' id='word_1_81' title='bbox 305 929 400 978; x_wconf 89' lang='lat' dir='ltr'>quia</span> <span class='ocrx_word' id='word_1_82' title='bbox 429 928 478 965; x_wconf 91' lang='lat' dir='ltr'>de</span> <span class='ocrx_word' id='word_1_83' title='bbox 507 928 627 977; x_wconf 82' lang='lat' dir='ltr'>longe</span> <span class='ocrx_word' id='word_1_84' title='bbox 654 928 734 966; x_wconf 89' lang='lat' dir='ltr'>huc</span> <span class='ocrx_word' id='word_1_85' title='bbox 762 928 967 977; x_wconf 82' lang='lat' dir='ltr'>peregrini</span> <span class='ocrx_word' id='word_1_86' title='bbox 995 927 1179 975; x_wconf 89' lang='lat' dir='ltr'>uenistis,</span> <span class='ocrx_word' id='word_1_87' title='bbox 1204 929 1256 971; x_wconf 90' lang='lat' dir='ltr'>et,</span> <span class='ocrx_word' id='word_1_88' title='bbox 1277 929 1323 964; x_wconf 91' lang='lat' dir='ltr'>ut</span> <span class='ocrx_word' id='word_1_89' title='bbox 1353 940 1426 976; x_wconf 82' lang='lat' dir='ltr'>ego</span> <span class='ocrx_word' id='word_1_90' title='bbox 1454 926 1557 964; x_wconf 84' lang='lat' dir='ltr'>mihi</span> 
     </span>
     <span class='ocr_line' id='line_1_13' title="bbox 304 992 1558 1043; baseline -0.002 -11"><span class='ocrx_word' id='word_1_91' title='bbox 304 994 447 1032; x_wconf 87' lang='lat' dir='ltr'>uideor</span> <span class='ocrx_word' id='word_1_92' title='bbox 474 993 736 1043; x_wconf 78' lang='lat' dir='ltr'>perspexisse,</span> <span class='ocrx_word' id='word_1_93' title='bbox 771 1006 825 1041; x_wconf 90' lang='lat' dir='ltr'>ea,</span> <span class='ocrx_word' id='word_1_94' title='bbox 860 1006 961 1042; x_wconf 90' lang='lat' dir='ltr'>quae</span> <span class='ocrx_word' id='word_1_95' title='bbox 996 1005 1070 1030; x_wconf 86' lang='lat' dir='ltr'>uos</span> <span class='ocrx_word' id='word_1_96' title='bbox 1098 1006 1193 1030; x_wconf 89' lang='lat' dir='ltr'>uera</span> <span class='ocrx_word' id='word_1_97' title='bbox 1223 994 1262 1030; x_wconf 88' lang='lat' dir='ltr'>ct</span> <span class='ocrx_word' id='word_1_98' title='bbox 1293 992 1449 1041; x_wconf 89' lang='lat' dir='ltr'>optima</span> <span class='ocrx_word' id='word_1_99' title='bbox 1477 1005 1558 1029; x_wconf 86' lang='lat' dir='ltr'>cre-</span> 
     </span>
     <span class='ocr_line' id='line_1_14' title="bbox 305 1057 1559 1107; baseline -0.002 -10"><span class='ocrx_word' id='word_1_100' title='bbox 305 1059 472 1107; x_wconf 81' lang='lat' dir='ltr'>debatis,</span> <span class='ocrx_word' id='word_1_101' title='bbox 497 1058 616 1096; x_wconf 87' lang='lat' dir='ltr'>nobis</span> <span class='ocrx_word' id='word_1_102' title='bbox 640 1071 801 1107; x_wconf 85' lang='lat' dir='ltr'>quoque</span> <span class='ocrx_word' id='word_1_103' title='bbox 826 1058 1128 1096; x_wconf 83' lang='lat' dir='ltr'>communicare</span> <span class='ocrx_word' id='word_1_104' title='bbox 1153 1058 1423 1105; x_wconf 83' lang='lat' dir='ltr'>desiderastis,</span> <span class='ocrx_word' id='word_1_105' title='bbox 1448 1057 1559 1095; x_wconf 91' lang='lat' dir='ltr'>nolu-</span> 
     </span>
     <span class='ocr_line' id='line_1_15' title="bbox 304 1123 1560 1173; baseline -0.002 -11"><span class='ocrx_word' id='word_1_106' title='bbox 304 1138 398 1163; x_wconf 89' lang='lat' dir='ltr'>mus</span> <span class='ocrx_word' id='word_1_107' title='bbox 435 1124 600 1162; x_wconf 86' lang='lat' dir='ltr'>molesti</span> <span class='ocrx_word' id='word_1_108' title='bbox 639 1137 727 1162; x_wconf 86' lang='lat' dir='ltr'>esse</span> <span class='ocrx_word' id='word_1_109' title='bbox 764 1124 908 1171; x_wconf 87' lang='lat' dir='ltr'>uobis;</span> <span class='ocrx_word' id='word_1_110' title='bbox 956 1123 1057 1173; x_wconf 85' lang='lat' dir='ltr'>quin</span> <span class='ocrx_word' id='word_1_111' title='bbox 1095 1123 1231 1172; x_wconf 90' lang='lat' dir='ltr'>potius</span> <span class='ocrx_word' id='word_1_112' title='bbox 1270 1123 1448 1172; x_wconf 83' lang='lat' dir='ltr'>benigno</span> <span class='ocrx_word' id='word_1_113' title='bbox 1486 1135 1560 1160; x_wconf 80' lang='lat' dir='ltr'>uos</span> 
     </span>
     <span class='ocr_line' id='line_1_16' title="bbox 305 1188 1557 1239; baseline -0.002 -11"><span class='ocrx_word' id='word_1_114' title='bbox 305 1190 484 1239; x_wconf 85' lang='lat' dir='ltr'>hospitio</span> <span class='ocrx_word' id='word_1_115' title='bbox 500 1189 686 1238; x_wconf 88' lang='lat' dir='ltr'>recipere,</span> <span class='ocrx_word' id='word_1_116' title='bbox 707 1190 758 1237; x_wconf 89' lang='lat' dir='ltr'>et,</span> <span class='ocrx_word' id='word_1_117' title='bbox 779 1202 882 1238; x_wconf 86' lang='lat' dir='ltr'>quae</span> <span class='ocrx_word' id='word_1_118' title='bbox 901 1189 1032 1226; x_wconf 91' lang='lat' dir='ltr'>uictui</span> <span class='ocrx_word' id='word_1_119' title='bbox 1052 1191 1150 1226; x_wconf 88' lang='lat' dir='ltr'>sunt</span> <span class='ocrx_word' id='word_1_120' title='bbox 1164 1191 1301 1226; x_wconf 89' lang='lat' dir='ltr'>uestro</span> <span class='ocrx_word' id='word_1_121' title='bbox 1321 1188 1557 1236; x_wconf 85' lang='lat' dir='ltr'>necessaria,</span> 
     </span>
     <span class='ocr_line' id='line_1_17' title="bbox 306 1254 1557 1304; baseline -0.001 -12"><span class='ocrx_word' id='word_1_122' title='bbox 306 1255 541 1293; x_wconf 87' lang='lat' dir='ltr'>ministrare</span> <span class='ocrx_word' id='word_1_123' title='bbox 578 1267 796 1302; x_wconf 82' lang='lat' dir='ltr'>curamus3</span> <span class='ocrx_word' id='word_1_124' title='bbox 831 1268 905 1292; x_wconf 88' lang='lat' dir='ltr'>nec</span> <span class='ocrx_word' id='word_1_125' title='bbox 942 1254 1221 1304; x_wconf 81' lang='lat' dir='ltr'>prohibemUS,</span> <span class='ocrx_word' id='word_1_126' title='bbox 1264 1254 1366 1303; x_wconf 85' lang='lat' dir='ltr'>quin</span> <span class='ocrx_word' id='word_1_127' title='bbox 1405 1267 1557 1303; x_wconf 77' lang='lat' dir='ltr'>omnes,</span> 
     </span>
     <span class='ocr_line' id='line_1_18' title="bbox 306 1319 1562 1371; baseline -0.002 -12"><span class='ocrx_word' id='word_1_128' title='bbox 306 1334 408 1371; x_wconf 86' lang='lat' dir='ltr'>quos</span> <span class='ocrx_word' id='word_1_129' title='bbox 454 1320 636 1370; x_wconf 85' lang='lat' dir='ltr'>potestis,</span> <span class='ocrx_word' id='word_1_130' title='bbox 687 1320 783 1358; x_wconf 90' lang='lat' dir='ltr'>fidei</span> <span class='ocrx_word' id='word_1_131' title='bbox 830 1322 990 1357; x_wconf 87' lang='lat' dir='ltr'>uestrae</span> <span class='ocrx_word' id='word_1_132' title='bbox 1037 1320 1246 1369; x_wconf 81' lang='lat' dir='ltr'>religionis</span> <span class='ocrx_word' id='word_1_133' title='bbox 1292 1319 1562 1368; x_wconf 89' lang='lat' dir='ltr'>praedicando</span> 
     </span>
     <span class='ocr_line' id='line_1_19' title="bbox 78 1384 1562 1440; baseline -0.001 -17"><span class='ocrx_word' id='word_1_134' title='bbox 78 1396 276 1440; x_wconf 55' lang='lat' dir='ltr'>seulement</span> <span class='ocrx_word' id='word_1_135' title='bbox 306 1386 465 1424; x_wconf 89' lang='lat' dir='ltr'>societis</span> <span class='ocrx_word' id='word_1_136' title='bbox 480 1385 520 1424; x_wconf 72' lang='lat'>2.&#39;</span> <span class='ocrx_word' id='word_1_137' title='bbox 590 1385 713 1423; x_wconf 87' lang='lat' dir='ltr'>Dedit</span> <span class='ocrx_word' id='word_1_138' title='bbox 759 1398 853 1434; x_wconf 84' lang='lat' dir='ltr'>ergo</span> <span class='ocrx_word' id='word_1_139' title='bbox 898 1385 956 1423; x_wconf 88' lang='lat' dir='ltr'>eis</span> <span class='ocrx_word' id='word_1_140' title='bbox 1001 1386 1260 1423; x_wconf 82' lang='lat' dir='ltr'>mansionem</span> <span class='ocrx_word' id='word_1_141' title='bbox 1307 1385 1352 1422; x_wconf 91' lang='lat' dir='ltr'>in</span> <span class='ocrx_word' id='word_1_142' title='bbox 1398 1384 1562 1422; x_wconf 86' lang='lat' dir='ltr'>ciuitate</span> 
     </span>
     <span class='ocr_line' id='line_1_20' title="bbox 79 1436 1558 1508; baseline -0.002 -18"><span class='ocrx_word' id='word_1_143' title='bbox 79 1436 263 1508; x_wconf 36' lang='lat' dir='ltr'>agenter-</span> <span class='ocrx_word' id='word_1_144' title='bbox 308 1450 628 1498; x_wconf 88' lang='lat' dir='ltr'>Doruuernensi,</span> <span class='ocrx_word' id='word_1_145' title='bbox 654 1464 756 1499; x_wconf 88' lang='lat' dir='ltr'>quae</span> <span class='ocrx_word' id='word_1_146' title='bbox 776 1450 940 1499; x_wconf 88' lang='lat' dir='ltr'>imperii</span> <span class='ocrx_word' id='word_1_147' title='bbox 964 1450 1029 1488; x_wconf 87' lang='lat' dir='ltr'>sui</span> <span class='ocrx_word' id='word_1_148' title='bbox 1052 1450 1179 1488; x_wconf 83' lang='lat' dir='ltr'>totius</span> <span class='ocrx_word' id='word_1_149' title='bbox 1205 1452 1290 1488; x_wconf 85' lang='lat' dir='ltr'>erat</span> <span class='ocrx_word' id='word_1_150' title='bbox 1310 1450 1558 1499; x_wconf 78' lang='lat' dir='ltr'>metropolis,</span> 
     </span>
     <span class='ocr_line' id='line_1_21' title="bbox 308 1515 1564 1566; baseline -0.002 -11"><span class='ocrx_word' id='word_1_151' title='bbox 308 1517 454 1566; x_wconf 86' lang='lat' dir='ltr'>eisque,</span> <span class='ocrx_word' id='word_1_152' title='bbox 506 1518 553 1554; x_wconf 92' lang='lat' dir='ltr'>ut</span> <span class='ocrx_word' id='word_1_153' title='bbox 597 1516 847 1565; x_wconf 85' lang='lat' dir='ltr'>promiserat,</span> <span class='ocrx_word' id='word_1_154' title='bbox 891 1529 984 1554; x_wconf 85' lang='lat' dir='ltr'>cum</span> <span class='ocrx_word' id='word_1_155' title='bbox 1027 1516 1383 1554; x_wconf 89' lang='lat' dir='ltr'>administratione</span> <span class='ocrx_word' id='word_1_156' title='bbox 1429 1515 1564 1553; x_wconf 88' lang='lat' dir='ltr'>uictus</span> 
     </span>
     <span class='ocr_line' id='line_1_22' title="bbox 309 1581 1559 1632; baseline -0.002 -12"><span class='ocrx_word' id='word_1_157' title='bbox 309 1582 544 1632; x_wconf 88' lang='lat' dir='ltr'>temporalis</span> <span class='ocrx_word' id='word_1_158' title='bbox 563 1582 773 1620; x_wconf 86' lang='lat' dir='ltr'>licentiam</span> <span class='ocrx_word' id='word_1_159' title='bbox 799 1595 961 1631; x_wconf 89' lang='lat' dir='ltr'>quoque</span> <span class='ocrx_word' id='word_1_160' title='bbox 986 1581 1246 1630; x_wconf 86' lang='lat' dir='ltr'>praedicandi</span> <span class='ocrx_word' id='word_1_161' title='bbox 1269 1595 1353 1619; x_wconf 90' lang='lat' dir='ltr'>non</span> <span class='ocrx_word' id='word_1_162' title='bbox 1379 1581 1559 1619; x_wconf 78' lang='lat' dir='ltr'>abstulit.</span> 
     </span>
     <span class='ocr_line' id='line_1_23' title="bbox 309 1647 1565 1696; baseline -0.002 -11"><span class='ocrx_word' id='word_1_163' title='bbox 309 1649 454 1686; x_wconf 85' lang='lat' dir='ltr'>Fertur</span> <span class='ocrx_word' id='word_1_164' title='bbox 473 1650 623 1695; x_wconf 89' lang='lat' dir='ltr'>autem,</span> <span class='ocrx_word' id='word_1_165' title='bbox 648 1647 742 1696; x_wconf 87' lang='lat' dir='ltr'>quia</span> <span class='ocrx_word' id='word_1_166' title='bbox 762 1647 1140 1696; x_wconf 84' lang='lat' dir='ltr'>adpropinquantes</span> <span class='ocrx_word' id='word_1_167' title='bbox 1165 1647 1333 1694; x_wconf 78' lang='lat' dir='ltr'>ciuitati,</span> <span class='ocrx_word' id='word_1_168' title='bbox 1359 1659 1470 1684; x_wconf 91' lang='lat' dir='ltr'>more</span> <span class='ocrx_word' id='word_1_169' title='bbox 1491 1659 1565 1684; x_wconf 89' lang='lat' dir='ltr'>suo</span> 
     </span>
     <span class='ocr_line' id='line_1_24' title="bbox 309 1711 1565 1762; baseline -0.003 -10"><span class='ocrx_word' id='word_1_170' title='bbox 309 1728 403 1752; x_wconf 89' lang='lat' dir='ltr'>cum</span> <span class='ocrx_word' id='word_1_171' title='bbox 423 1727 541 1752; x_wconf 85' lang='lat' dir='ltr'>cruce</span> <span class='ocrx_word' id='word_1_172' title='bbox 561 1715 701 1752; x_wconf 82' lang='lat' dir='ltr'>sancta</span> <span class='ocrx_word' id='word_1_173' title='bbox 719 1715 760 1751; x_wconf 92' lang='lat' dir='ltr'>et</span> <span class='ocrx_word' id='word_1_174' title='bbox 774 1713 952 1762; x_wconf 82' lang='lat' dir='ltr'>imagine</span> <span class='ocrx_word' id='word_1_175' title='bbox 971 1712 1111 1762; x_wconf 81' lang='lat' dir='ltr'>magni</span> <span class='ocrx_word' id='word_1_176' title='bbox 1131 1712 1237 1761; x_wconf 82' lang='lat' dir='ltr'>regis</span> <span class='ocrx_word' id='word_1_177' title='bbox 1252 1711 1420 1749; x_wconf 91' lang='lat' dir='ltr'>Domini</span> <span class='ocrx_word' id='word_1_178' title='bbox 1435 1711 1565 1750; x_wconf 84' lang='lat' dir='ltr'>nostri</span> 
     </span>
     <span class='ocr_line' id='line_1_25' title="bbox 311 1777 1565 1818; baseline -0.003 0"><span class='ocrx_word' id='word_1_179' title='bbox 311 1780 405 1818; x_wconf 84' lang='lat' dir='ltr'>Iesu</span> <span class='ocrx_word' id='word_1_180' title='bbox 444 1779 600 1818; x_wconf 82' lang='lat' dir='ltr'>Christi</span> <span class='ocrx_word' id='word_1_181' title='bbox 636 1779 742 1817; x_wconf 89' lang='lat' dir='ltr'>hanc</span> <span class='ocrx_word' id='word_1_182' title='bbox 779 1778 999 1816; x_wconf 84' lang='lat' dir='ltr'>laetaniam</span> <span class='ocrx_word' id='word_1_183' title='bbox 1037 1791 1216 1815; x_wconf 85' lang='lat' dir='ltr'>consona</span> <span class='ocrx_word' id='word_1_184' title='bbox 1253 1791 1350 1815; x_wconf 89' lang='lat' dir='ltr'>uoce</span> <span class='ocrx_word' id='word_1_185' title='bbox 1387 1777 1565 1815; x_wconf 88' lang='lat' dir='ltr'>modula—</span> 
     </span>
     <span class='ocr_line' id='line_1_26' title="bbox 311 1842 1567 1893; baseline -0.004 -9"><span class='ocrx_word' id='word_1_186' title='bbox 311 1848 481 1884; x_wconf 88' lang='lat' dir='ltr'>rentur:</span> <span class='ocrx_word' id='word_1_187' title='bbox 529 1845 829 1893; x_wconf 81' lang='lat' dir='ltr'>‘Deprecamur</span> <span class='ocrx_word' id='word_1_188' title='bbox 864 1845 915 1891; x_wconf 83' lang='lat' dir='ltr'>te,</span> <span class='ocrx_word' id='word_1_189' title='bbox 958 1843 1145 1890; x_wconf 81' lang='lat' dir='ltr'>Domine,</span> <span class='ocrx_word' id='word_1_190' title='bbox 1181 1842 1224 1880; x_wconf 88' lang='lat' dir='ltr'>in</span> <span class='ocrx_word' id='word_1_191' title='bbox 1262 1842 1375 1880; x_wconf 90' lang='lat' dir='ltr'>omni</span> <span class='ocrx_word' id='word_1_192' title='bbox 1414 1842 1567 1880; x_wconf 88' lang='lat' dir='ltr'>miseri-</span> 
     </span>
     <span class='ocr_line' id='line_1_27' title="bbox 311 1908 1566 1959; baseline -0.003 -10"><span class='ocrx_word' id='word_1_193' title='bbox 311 1912 445 1950; x_wconf 88' lang='lat' dir='ltr'>cordia</span> <span class='ocrx_word' id='word_1_194' title='bbox 464 1913 545 1959; x_wconf 86' lang='lat' dir='ltr'>tua,</span> <span class='ocrx_word' id='word_1_195' title='bbox 570 1913 616 1948; x_wconf 90' lang='lat' dir='ltr'>ut</span> <span class='ocrx_word' id='word_1_196' title='bbox 641 1910 847 1948; x_wconf 86' lang='lat' dir='ltr'>auferatur</span> <span class='ocrx_word' id='word_1_197' title='bbox 870 1909 982 1947; x_wconf 86' lang='lat' dir='ltr'>furor</span> <span class='ocrx_word' id='word_1_198' title='bbox 1000 1910 1097 1946; x_wconf 87' lang='lat' dir='ltr'>tuus</span> <span class='ocrx_word' id='word_1_199' title='bbox 1123 1910 1163 1945; x_wconf 89' lang='lat' dir='ltr'>et</span> <span class='ocrx_word' id='word_1_200' title='bbox 1187 1908 1245 1945; x_wconf 88' lang='lat' dir='ltr'>ira</span> <span class='ocrx_word' id='word_1_201' title='bbox 1269 1910 1340 1945; x_wconf 88' lang='lat' dir='ltr'>tua</span> <span class='ocrx_word' id='word_1_202' title='bbox 1359 1921 1382 1945; x_wconf 87' lang='lat' dir='ltr'>a</span> <span class='ocrx_word' id='word_1_203' title='bbox 1402 1908 1566 1946; x_wconf 86' lang='lat' dir='ltr'>ciuitate</span> 
     </span>
    </p>
   </div>
   <div class='ocr_carea' id='block_1_3' title="bbox 310 1973 1562 2080">
    <p class='ocr_par' dir='ltr' id='par_1_3' title="bbox 310 1973 1562 2080">
     <span class='ocr_line' id='line_1_28' title="bbox 311 1973 1562 2025; baseline -0.004 -10"><span class='ocrx_word' id='word_1_204' title='bbox 311 1978 396 2025; x_wconf 87' lang='lat' dir='ltr'>ista,</span> <span class='ocrx_word' id='word_1_205' title='bbox 440 1979 480 2014; x_wconf 90' lang='lat' dir='ltr'>et</span> <span class='ocrx_word' id='word_1_206' title='bbox 519 1977 567 2014; x_wconf 89' lang='lat' dir='ltr'>de</span> <span class='ocrx_word' id='word_1_207' title='bbox 605 1976 726 2014; x_wconf 92' lang='lat' dir='ltr'>domo</span> <span class='ocrx_word' id='word_1_208' title='bbox 764 1976 904 2013; x_wconf 86' lang='lat' dir='ltr'>sancta</span> <span class='ocrx_word' id='word_1_209' title='bbox 941 1976 1022 2022; x_wconf 89' lang='lat' dir='ltr'>tua,</span> <span class='ocrx_word' id='word_1_210' title='bbox 1066 1973 1258 2023; x_wconf 89' lang='lat' dir='ltr'>quoniam</span> <span class='ocrx_word' id='word_1_211' title='bbox 1296 1973 1562 2023; x_wconf 85' lang='lat' dir='ltr'>peccauimus.</span> 
     </span>
     <span class='ocr_line' id='line_1_29' title="bbox 310 2042 542 2080; baseline -0.004 0"><span class='ocrx_word' id='word_1_212' title='bbox 310 2042 490 2080; x_wconf 89' lang='lat' dir='ltr'>Alleluia</span> <span class='ocrx_word' id='word_1_213' title='bbox 501 2042 524 2080; x_wconf 77' lang='lat'>³.</span> <span class='ocrx_word' id='word_1_214' title='bbox 534 2042 542 2057; x_wconf 83' lang='lat'>⁷</span> 
     </span>
    </p>
   </div>
   <div class='ocr_carea' id='block_1_4' title="bbox 782 2094 1094 2167">
    <p class='ocr_par' dir='ltr' id='par_1_4' title="bbox 782 2094 1094 2167">
     <span class='ocr_line' id='line_1_30' title="bbox 782 2094 1094 2167; baseline -0.01 0"><span class='ocrx_word' id='word_1_215' title='bbox 782 2094 904 2167; x_wconf 76' lang='lat' dir='ltr'><strong>CAP.</strong></span> <span class='ocrx_word' id='word_1_216' title='bbox 938 2126 1094 2165; x_wconf 90' lang='lat' dir='ltr'>XXVI.</span> 
     </span>
    </p>
   </div>
   <div class='ocr_carea' id='block_1_5' title="bbox 88 2204 1699 2502">
    <p class='ocr_par' dir='ltr' id='par_1_5' title="bbox 88 2204 1699 2502">
     <span class='ocr_line' id='line_1_31' title="bbox 316 2204 1565 2242; baseline -0.003 -5"><span class='ocrx_word' id='word_1_217' title='bbox 316 2209 352 2237; x_wconf 79' lang='lat' dir='ltr'>Ut</span> <span class='ocrx_word' id='word_1_218' title='bbox 366 2209 444 2236; x_wconf 74' lang='lat' dir='ltr'>idem</span> <span class='ocrx_word' id='word_1_219' title='bbox 463 2208 496 2236; x_wconf 77' lang='grc' dir='ltr'>ίη</span> <span class='ocrx_word' id='word_1_220' title='bbox 515 2207 620 2235; x_wconf 70' lang='lat' dir='ltr'>Gamla</span> <span class='ocrx_word' id='word_1_221' title='bbox 636 2206 815 2241; x_wconf 63' lang='lat' dir='ltr'>primitium</span> <span class='ocrx_word' id='word_1_222' title='bbox 831 2205 963 2234; x_wconf 69' lang='lat' dir='ltr'>ecclesiae</span> <span class='ocrx_word' id='word_1_223' title='bbox 978 2206 1004 2233; x_wconf 75' lang='lat' dir='ltr'>et</span> <span class='ocrx_word' id='word_1_224' title='bbox 1019 2205 1186 2233; x_wconf 72' lang='lat' dir='ltr'>doctrinam</span> <span class='ocrx_word' id='word_1_225' title='bbox 1199 2205 1239 2233; x_wconf 63' lang='lat' dir='ltr'>sit</span> <span class='ocrx_word' id='word_1_226' title='bbox 1254 2205 1403 2242; x_wconf 62' lang='lat' dir='ltr'>imitatus,</span> <span class='ocrx_word' id='word_1_227' title='bbox 1419 2207 1445 2233; x_wconf 71' lang='lat' dir='ltr'>et</span> <span class='ocrx_word' id='word_1_228' title='bbox 1456 2204 1565 2241; x_wconf 77' lang='lat' dir='ltr'>uitam,</span> 
     </span>
     <span class='ocr_line' id='line_1_32' title="bbox 541 2257 1336 2294; baseline -0.003 -7"><span class='ocrx_word' id='word_1_229' title='bbox 541 2261 628 2294; x_wconf 69' lang='lat' dir='ltr'>alque</span> <span class='ocrx_word' id='word_1_230' title='bbox 643 2259 678 2286; x_wconf 67' lang='lat' dir='ltr'>in</span> <span class='ocrx_word' id='word_1_231' title='bbox 694 2259 766 2286; x_wconf 77' lang='lat' dir='ltr'>urbe</span> <span class='ocrx_word' id='word_1_232' title='bbox 780 2259 859 2293; x_wconf 65' lang='lat' dir='ltr'>reglis</span> <span class='ocrx_word' id='word_1_233' title='bbox 875 2259 971 2286; x_wconf 73' lang='lat' dir='ltr'>sedem</span> <span class='ocrx_word' id='word_1_234' title='bbox 986 2258 1172 2292; x_wconf 70' lang='lat' dir='ltr'>episcopatus</span> <span class='ocrx_word' id='word_1_235' title='bbox 1186 2257 1336 2292; x_wconf 68' lang='lat' dir='ltr'>acceperit.</span> 
     </span>
     <span class='ocr_line' id='line_1_33' title="bbox 88 2322 1699 2376; baseline -0.002 -13"><span class='ocrx_word' id='word_1_236' title='bbox 88 2329 180 2373; x_wconf 51' lang='lat' dir='ltr'>Modo</span> <span class='ocrx_word' id='word_1_237' title='bbox 196 2329 230 2354; x_wconf 64' lang='lat'>01⁴</span> <span class='ocrx_word' id='word_1_238' title='bbox 390 2323 394 2376; x_wconf 80' lang='lat' dir='ltr'>l</span> <span class='ocrx_word' id='word_1_239' title='bbox 420 2326 484 2362; x_wconf 80' lang='lat' dir='ltr'>AT</span> <span class='ocrx_word' id='word_1_240' title='bbox 517 2324 587 2362; x_wconf 86' lang='lat' dir='ltr'>ubi</span> <span class='ocrx_word' id='word_1_241' title='bbox 617 2324 753 2362; x_wconf 89' lang='lat' dir='ltr'>datam</span> <span class='ocrx_word' id='word_1_242' title='bbox 785 2323 864 2362; x_wconf 84' lang='lat' dir='ltr'>sibi</span> <span class='ocrx_word' id='word_1_243' title='bbox 892 2322 1151 2360; x_wconf 88' lang='lat' dir='ltr'>mansionem</span> <span class='ocrx_word' id='word_1_244' title='bbox 1181 2322 1454 2370; x_wconf 77' lang='lat' dir='ltr'>intrauerant,</span> <span class='ocrx_word' id='word_1_245' title='bbox 1488 2335 1570 2360; x_wconf 90' lang='lat' dir='ltr'>coe·</span> <span class='ocrx_word' id='word_1_246' title='bbox 1591 2328 1610 2356; x_wconf 83' lang='lat' dir='ltr'>f.</span> <span class='ocrx_word' id='word_1_247' title='bbox 1629 2333 1658 2355; x_wconf 68' lang='grc'>10</span> <span class='ocrx_word' id='word_1_248' title='bbox 1673 2338 1699 2356; x_wconf 76' lang='lat' dir='ltr'>a.</span> 
     </span>
     <span class='ocr_line' id='line_1_34' title="bbox 88 2368 1567 2440; baseline -0.003 -11"><span class='ocrx_word' id='word_1_249' title='bbox 88 2368 163 2394; x_wconf 50' lang='lat' dir='ltr'>me*</span> <span class='ocrx_word' id='word_1_250' title='bbox 311 2392 461 2440; x_wconf 88' lang='lat' dir='ltr'>perunt</span> <span class='ocrx_word' id='word_1_251' title='bbox 487 2390 750 2439; x_wconf 83' lang='lat' dir='ltr'>apostolicam</span> <span class='ocrx_word' id='word_1_252' title='bbox 770 2388 1005 2438; x_wconf 88' lang='lat' dir='ltr'>primitiuae</span> <span class='ocrx_word' id='word_1_253' title='bbox 1024 2387 1214 2425; x_wconf 84' lang='lat' dir='ltr'>ecclesiae</span> <span class='ocrx_word' id='word_1_254' title='bbox 1234 2387 1365 2425; x_wconf 89' lang='lat' dir='ltr'>uitam</span> <span class='ocrx_word' id='word_1_255' title='bbox 1385 2387 1540 2425; x_wconf 87' lang='lat' dir='ltr'>imitari</span> <span class='ocrx_word' id='word_1_256' title='bbox 1560 2402 1567 2433; x_wconf 88' lang='lat'>;</span> 
     </span>
     <span class='ocr_line' id='line_1_35' title="bbox 312 2452 1569 2502; baseline -0.003 -9"><span class='ocrx_word' id='word_1_257' title='bbox 312 2455 564 2493; x_wconf 87' lang='lat' dir='ltr'>orationibus</span> <span class='ocrx_word' id='word_1_258' title='bbox 602 2454 792 2492; x_wconf 85' lang='lat' dir='ltr'>uidelicet</span> <span class='ocrx_word' id='word_1_259' title='bbox 822 2453 1005 2501; x_wconf 86' lang='lat' dir='ltr'>assiduis,</span> <span class='ocrx_word' id='word_1_260' title='bbox 1036 2453 1189 2502; x_wconf 85' lang='lat' dir='ltr'>uigiliis</span> <span class='ocrx_word' id='word_1_261' title='bbox 1219 2466 1263 2490; x_wconf 88' lang='lat' dir='ltr'>ac</span> <span class='ocrx_word' id='word_1_262' title='bbox 1296 2452 1460 2490; x_wconf 85' lang='lat' dir='ltr'>ieiuniis</span> <span class='ocrx_word' id='word_1_263' title='bbox 1493 2465 1569 2489; x_wconf 89' lang='lat' dir='ltr'>ser-</span> 
     </span>
    </p>
   </div>
   <div class='ocr_carea' id='block_1_6' title="bbox 313 2540 1569 2634">
    <p class='ocr_par' dir='ltr' id='par_1_6' title="bbox 313 2540 1569 2634">
     <span class='ocr_line' id='line_1_36' title="bbox 356 2540 1569 2582; baseline -0.002 -9"><span class='ocrx_word' id='word_1_264' title='bbox 356 2544 365 2561; x_wconf 81' lang='lat'>1</span> <span class='ocrx_word' id='word_1_265' title='bbox 391 2544 534 2582; x_wconf 78' lang='lat' dir='ltr'>quidem</span> <span class='ocrx_word' id='word_1_266' title='bbox 554 2544 637 2573; x_wconf 88' lang='lat' dir='ltr'>sunt</span> <span class='ocrx_word' id='word_1_267' title='bbox 653 2543 687 2573; x_wconf 83' lang='lat' dir='ltr'>C.</span> <span class='ocrx_word' id='word_1_268' title='bbox 705 2542 757 2573; x_wconf 69' lang='lat' dir='ltr'>B2.</span> <span class='ocrx_word' id='word_1_269' title='bbox 773 2542 828 2574; x_wconf 85' lang='lat' dir='ltr'>W.</span> <span class='ocrx_word' id='word_1_270' title='bbox 975 2540 987 2558; x_wconf 81' lang='lat'><strong>²</strong></span> <span class='ocrx_word' id='word_1_271' title='bbox 1011 2543 1060 2572; x_wconf 85' lang='lat' dir='ltr'>sic</span> <span class='ocrx_word' id='word_1_272' title='bbox 1077 2541 1135 2580; x_wconf 60' lang='lat' dir='ltr'>H„</span> <span class='ocrx_word' id='word_1_273' title='bbox 1152 2540 1219 2580; x_wconf 81' lang='lat' dir='ltr'>B23</span> <span class='ocrx_word' id='word_1_274' title='bbox 1242 2542 1383 2572; x_wconf 77' lang='lat' dir='ltr'>sociatis</span> <span class='ocrx_word' id='word_1_275' title='bbox 1398 2541 1443 2573; x_wconf 90' lang='lat' dir='ltr'>M.</span> <span class='ocrx_word' id='word_1_276' title='bbox 1464 2541 1499 2572; x_wconf 82' lang='lat' dir='ltr'>G.</span> <span class='ocrx_word' id='word_1_277' title='bbox 1517 2540 1569 2572; x_wconf 84' lang='lat' dir='ltr'>B1.</span> 
     </span>
     <span class='ocr_line' id='line_1_37' title="bbox 313 2595 1091 2634; baseline -0.003 -8"><span class='ocrx_word' id='word_1_278' title='bbox 313 2597 324 2613; x_wconf 78' lang='lat'>³</span> <span class='ocrx_word' id='word_1_279' title='bbox 349 2595 388 2632; x_wconf 57' lang='lat' dir='ltr'>O,</span> <span class='ocrx_word' id='word_1_280' title='bbox 403 2598 483 2634; x_wconf 61' lang='lat' dir='ltr'>gives</span> <span class='ocrx_word' id='word_1_281' title='bbox 499 2598 544 2626; x_wconf 73' lang='lat' dir='ltr'>the</span> <span class='ocrx_word' id='word_1_282' title='bbox 560 2597 688 2625; x_wconf 66' lang='lat' dir='ltr'>musical</span> <span class='ocrx_word' id='word_1_283' title='bbox 703 2597 835 2625; x_wconf 66' lang='lat' dir='ltr'>notatim</span> <span class='ocrx_word' id='word_1_284' title='bbox 844 2596 897 2631; x_wconf 80' lang='lat' dir='ltr'>for</span> <span class='ocrx_word' id='word_1_285' title='bbox 912 2596 972 2625; x_wconf 72' lang='lat' dir='ltr'>this</span> <span class='ocrx_word' id='word_1_286' title='bbox 983 2597 1091 2631; x_wconf 70' lang='lat' dir='ltr'>Ic&#39;iany.</span> 
     </span>
    </p>
   </div>
   <div class='ocr_carea' id='block_1_7' title="bbox 1730 0 1803 2887">
    <p class='ocr_par' dir='ltr' id='par_1_7' title="bbox 1730 0 1803 2887">
     <span class='ocr_line' id='line_1_38' title="bbox 1730 0 1803 2887; baseline 0 0"><span class='ocrx_word' id='word_1_287' title='bbox 1730 0 1803 2887; x_wconf 95' lang='lat' dir='ltr'> </span> 
     </span>
    </p>
   </div>
  </div>
 </body>
</html>
