1803 2887
76 934 144 962 Act.
152 933 213 961 xvi.
219 943 241 968 3.

34 1031 35 1043 ἵ
76 1001 116 1028 ib.
123 1000 187 1028 xxi.
201 1001 241 1028 26.

34 1063 35 1068 ¹
75 1066 114 1093 ib.
133 1065 220 1093 xviii.

78 1108 116 1133 18.

77 1191 116 1218 ib.
127 1191 189 1218 xxi.
200 1201 241 1219 20.

76 1718 96 1744 f.
113 1718 147 1751 65
161 1726 187 1745 a.

271 168 348 198 CAP.
368 167 429 196 XX
436 164 490 205 V.]
667 155 817 198 Gentis
849 154 1118 209 Anylorum.
1444 156 1521 195 185

268 272 358 319 fuit,
402 272 567 320 exempla
614 272 847 317 sectamur3
897 282 992 306 cum
1039 268 1176 317 ipsum
1224 267 1525 317 sapientissime

268 338 421 375 uixisse
441 337 576 375 omnis
595 336 777 374 mundus
794 335 985 372 nouerit.’
1032 334 1091 371 At
1106 333 1332 372 Uilfridus:
1357 334 1525 377 ‘Absitss

268 402 413 452 inquit,
453 403 520 439 ‘ut
550 401 779 439 Iohannem
810 399 1009 437 stultitiae
1037 399 1395 448 reprehendamus,
1431 412 1524 435 011111

268 469 368 505 scita
394 467 495 516 legis
516 466 716 504 Mosaicae
742 465 854 502 iuxta
880 464 1063 502 litteram
1084 465 1272 511 serua-ret,
1297 463 1525 501 iudaizante

269 533 401 570 adhuc
430 532 474 569 in
503 531 648 569 multis
677 530 854 577 ecclesia,
888 543 963 567 nec
997 529 1135 567 subito
1169 528 1405 567 ualentibus
1439 542 1522 578 apo

270 598 386 636 stolis
407 610 574 635 0111116111
602 597 703 646 legis
724 595 1040 643 obseruantiam,
1065 608 1168 644 quae
1188 607 1209 631 a
1230 595 1316 632 Deo
1336 594 1526 632 Instituta

270 665 343 711 est,
367 663 552 701 abdicare
575 662 796 712 (quomodo
821 661 1049 708 simulacra,
1074 673 1177 709 quae
1206 673 1228 697 a
1256 660 1525 698 daemonibus

268 728 440 766 inuenta
469 730 576 775 sunt,
601 727 812 776 repudiare
839 740 994 774 omnes,
1020 727 1091 774 qui
1110 726 1158 763 ad
1187 725 1312 763 fidem
1333 725 1521 773 ueniunt,

268 805 431 830 necesse
461 792 549 841 est),
581 791 772 830 uidelicet
803 804 854 828 116
885 790 1123 829 scandalum
1152 790 1332 828 facerent
1362 791 1430 838 eis,
1457 791 1527 839 qui

268 858 378 896 inter
415 860 558 907 gentes
596 859 712 895 erant
751 856 926 894 Iudaeis.
1002 855 1114 893 Hinc
1152 857 1213 893 est
1252 855 1375 903 enim,
1418 857 1526 905 quod

269 923 423 961 Paulus
438 923 704 960 Timotheum
725 921 989 968 circumcidit,
1008 921 1116 969 quod
1137 921 1291 958 hostias
1310 921 1353 958 in
1370 922 1527 970 templo

268 989 513 1036 immolauit,
531 988 638 1037 quod
660 1001 754 1025 cum
770 987 924 1036 Aquila
940 988 978 1024 et
995 986 1185 1024 Priscilla
1205 988 1324 1035 caput
1341 987 1525 1025 Chorinti

269 1054 474 1102 totondit;
505 1055 555 1092 ad
585 1054 691 1091 nihil
720 1053 911 1091 uidelicet
944 1052 1056 1100 utile,
1091 1052 1170 1089 nisi
1204 1052 1253 1089 ad
1286 1053 1526 1090 scandalum

270 1119 488 1158 uitandum
519 1120 777 1157 ludaeorum.
843 1118 980 1156 Hinc1
1007 1118 1115 1166 quod
1146 1117 1278 1155 eidem
1310 1117 1439 1155 Paulo
1470 1118 1529 1156 Ia-

270 1185 393 1223 cobus
413 1185 496 1223 ait:
526 1186 550 1203 “
566 1185 704 1231 Uides,
730 1184 865 1230 frater,
892 1185 991 1232 quot
1022 1182 1137 1220 milia
1164 1184 1262 1220 sunt
1282 1182 1325 1220 in
1347 1183 1521 1227 Iudaeis,

270 1250 340 1299 qui
362 1250 623 1288 crediderunt
642 1265 650 1297 3
681 1251 721 1287 et
741 1262 885 1287 omnes
908 1249 953 1286 hi
974 1248 1245 1286 aemulatores
1265 1250 1363 1286 sunt
1384 1248 1525 1298 legis.''

269 1315 354 1353 Nec
383 1318 524 1354 tamen
554 1315 675 1353 hodie
705 1315 950 1352 clarescente
976 1327 1049 1363 per
1075 1314 1280 1351 mundum
1312 1315 1526 1364 euangelio

269 1394 432 1418 necesse
453 1384 524 1429 est,
548 1381 678 1418 immo
699 1394 772 1418 nec
793 1380 955 1417 licitum
976 1379 1168 1417 fidelibus
1193 1379 1259 1416 uel
1279 1380 1523 1427 circumcidi,

267 1446 334 1484 uel
355 1447 510 1484 hostias
532 1447 618 1484 Deo
638 1446 902 1484 uictimarum
923 1445 1066 1482 offerre
1086 1444 1322 1483 carnalium.
1381 1445 1527 1494 Itaque

269 1511 476 1550 Iohannes
511 1513 737 1550 secundum
770 1511 872 1561 legis
902 1510 1243 1548 consuetudinem
1273 1510 1431 1548 XIIIIa
1463 1512 1528 1549 die

269 1578 424 1615 mensis
462 1578 587 1627 primi
621 1578 670 1615 ad
704 1590 917 1626 uesperam
950 1576 1171 1624 incipiebat
1210 1575 1528 1614 celebrationem

270 1642 364 1681 festi
387 1643 598 1692 paschalis,
624 1643 684 1681 nil
705 1656 860 1690 curans,
886 1644 1029 1680 utrum
1056 1641 1155 1679 haec
1175 1638 1353 1689 sabbato,
1379 1656 1431 1680 an
1452 1643 1530 1680 alia

270 1708 452 1756 qualibet
499 1709 597 1746 feria
644 1709 890 1757 proueniret.
975 1711 978 1756 Ι
1004 1708 1062 1745 At
1104 1720 1201 1745 uero
1244 1708 1392 1745 Petrus
1436 1722 1529 1745 cum

270 1773 423 1811 Romae
452 1775 710 1823 praedicaret,
736 1787 904 1821 memor,
930 1773 1025 1822 quia
1051 1773 1257 1810 Dominus
1285 1775 1418 1822 prima
1447 1774 1530 1811 sab-

268 1840 353 1878 bati
373 1842 594 1879 resurrexit
610 1855 632 1879 a
648 1841 833 1889 mortuis,
852 1854 895 1878 ac
912 1840 1068 1877 mundo
1088 1853 1204 1888 spem
1220 1841 1529 1878 resurrectionis

270 1907 456 1954 contulit,
475 1907 531 1944 ita
551 1907 700 1956 pascha
720 1907 953 1944 faciendum
974 1905 1180 1943 intellexit
1192 1904 1216 1952 ²²,
1234 1907 1280 1942 ut
1301 1907 1528 1944 secundum

271 1973 611 2010 consuetudinem
627 1986 671 2010 ac
686 1974 898 2021 praecepta
918 1971 1019 2020 legis
1036 1971 1225 2008 XHHam
1242 1971 1385 2009 lunam
1405 1972 1529 2021 primi

271 2038 435 2085 mensis,
466 2051 592 2087 aeque
621 2039 724 2076 sicut
754 2037 974 2083 Iohannes,
1005 2037 1206 2074 orientem
1236 2037 1285 2075 ad
1315 2050 1528 2086 uesperam

270 2116 431 2152 semper
459 2106 735 2152 exspectaret3
775 2105 815 2141 et
844 2104 919 2141 hac
950 2104 1098 2151 exorta,
1133 2103 1166 2140 si
1196 2103 1400 2140 dominica
1429 2104 1524 2151 dies,

270 2181 372 2217 quae
392 2170 491 2206 tunc
512 2169 645 2218 prima
665 2169 822 2207 sabbati
843 2168 1072 2215 uocabatur,
1095 2170 1179 2205 erat
1200 2181 1320 2206 mane
1340 2171 1525 2217 uentura,

270 2233 314 2271 in
334 2234 422 2282 ipsa
442 2247 611 2283 uespera
630 2235 779 2284 pascha
800 2234 1054 2272 dominicum
1076 2233 1276 2271 celebrare
1296 2234 1524 2283 incipiebat,

270 2300 474 2347 quomodo
507 2302 547 2337 et
579 2313 655 2337 nos
688 2300 855 2338 omnes3
885 2299 1006 2336 hodie
1039 2298 1169 2336 facere
1203 2299 1393 2337 solemus.
1457 2300 1529 2338 Sin

270 2366 409 2402 autern
457 2366 659 2403 dominica
710 2379 794 2403 non
841 2365 1027 2414 proximo
1078 2378 1199 2402 mane
1247 2367 1339 2414 post
1386 2365 1529 2403 lunam

272 2429 472 2478 XIHIam,
498 2431 567 2469 sed
596 2431 717 2469 XVI1
742 2433 811 2469 aut
839 2430 988 2468 XVIIa
1012 2431 1082 2467 aut
1111 2430 1189 2468 alia
1218 2430 1400 2479 qualibet
1430 2431 1529 2468 luna

273 2509 401 2545 usque
430 2498 480 2535 ad
510 2497 668 2535 XXpm
698 2499 804 2535 esset
832 2499 1019 2544 uentura,
1049 2497 1308 2545 exspectabat
1337 2509 1426 2534 eam
1441 2496 1463 2544 ⁴,
1489 2498 1529 2534 et

272 2591 280 2608 ¹
306 2592 390 2622 hinc
407 2594 459 2623 est.
476 2592 517 2624 B.
578 2592 589 2610 ²
613 2593 711 2631 -legit
728 2592 788 2625 M1.
859 2593 870 2610 ³
894 2603 1017 2624 omnes
1033 2605 1092 2625 om.
1106 2593 1152 2624 M.
1233 2592 1245 2610 4
1267 2603 1349 2624 eum
1361 2593 1407 2624 M.
1426 2592 1477 2623 N'.
1493 2593 1529 2623 C.
