1803 2887
68 923 225 957 Building
238 920 275 949 of

64 964 81 991 J
88 972 193 991 arrow

67 1002 210 1031 Church.

71 1327 273 1355 Eosterwine

68 1368 135 1395 and
151 1367 239 1395 Ceol·

67 1406 134 1434 frid
149 1407 262 1433 abbots

69 1446 105 1473 of
117 1446 228 1473 VVear-

70 1485 187 1512 mouth
198 1484 265 1512 and

70 1526 89 1551 J
93 1533 206 1552 arrow.

72 1973 274 2002 Eosterwine

73 2015 142 2042 dies
157 2013 193 2040 of
204 2013 261 2041 the

72 2054 200 2088 plague.

72 2093 223 2120 Election
233 2092 269 2119 of

74 2131 206 2166 Sigfrid.

291 154 377 201 '392
686 158 892 201 Historia
923 158 1148 202 Abbatum

290 272 445 317 plinam‚
474 273 633 308 eundem
658 272 838 308 cantandi
868 272 1095 318 legendique
1122 274 1238 308 ritum
1264 285 1413 310 omnem
1438 284 1548 310 cano-

292 330 432 373 nicum,
461 343 571 375 quem
598 330 637 364 in
665 330 779 376 priori
807 331 1034 366 monasterio
1069 333 1281 375 seruabant,
1315 332 1369 367 ibi
1403 344 1550 378 quoque

292 389 561 424 celebrandum
580 389 764 433 suscepit;
791 389 879 423 dum
903 401 1139 434 nequaquam
1162 402 1300 432 omnes,
1319 391 1383 435 qui
1404 403 1488 426 cum
1507 402 1550 427 eo

291 450 488 491 uenerant,
508 447 670 492 psalmos
686 449 848 489 cantare,
869 451 1011 491 quanto
1026 448 1150 482 minus
1164 449 1290 493 legere
1304 449 1344 483 in
1358 449 1551 501 aecclesia,

291 507 353 542 uel
372 507 562 541 antifonas
583 506 662 542 siue
680 506 912 551 responsoria
930 507 1052 542 dicere
1070 510 1231 543 nossent.
1287 508 1360 543 Sed
1373 508 1472 543 iuuit
1489 520 1550 544 eos

293 577 398 600 amor
430 564 634 610 religionis,
663 567 702 600 et
727 565 882 599 studiosi
908 565 1063 600 rectoris
1088 566 1302 611 exemplum
1325 566 1328 610 Ι
1351 569 1464 611 atque
1490 566 1549 601 in-

292 623 435 658 stantia
452 623 592 663 sollers,
611 623 675 667 qui
700 623 819 658 donec
849 623 970 657 altum
995 624 1267 659 monasterialis
1290 625 1551 661 obseruantiae

294 681 459 717 radicem
478 682 611 726 figeret
623 681 646 721 ¹,
667 681 791 726 sepius
814 681 915 716 horis
945 682 1117 716 omnibus
1145 682 1333 717 canonicis
1363 695 1447 718 cum
1477 683 1552 718 fra-

293 740 414 774 tribus
440 739 662 775 aecclesiam
689 740 941 784 frequentare,
968 740 1082 783 refici,
1107 743 1145 776 et
1171 741 1361 785 quiescere
1388 742 1553 784 solebat;

294 798 473 842 quatinus
492 798 522 832 si
540 810 614 842 qua
633 797 865 843 corrigenda,
889 798 919 833 si
942 811 1016 843 qua
1038 798 1201 834 nouitios
1226 802 1350 835 essent
1373 800 1553 845 docenda,

293 869 472 902 praesens
489 857 569 902 ipse
587 857 798 901 perficeret.

345 926 398 950 12.
423 915 550 951 Tertio
584 917 710 950 autem
745 927 791 950 ex
825 927 897 959 quo
927 916 1196 951 monasterium
1230 916 1409 952 fundauit
1441 929 1551 960 anno,

296 972 398 1018 cepit
432 973 627 1008 aedificare
662 973 880 1008 aecclesiam
918 974 1022 1009 beati
1059 974 1166 1009 Pauli
1205 975 1367 1020 apostoli
1399 974 1553 1011 nomine

296 1031 597 1073 consecrandam,
627 1031 692 1066 ubi
719 1031 932 1076 AEcgfridus
962 1032 1040 1077 ipse
1070 1033 1192 1068 locum
1223 1033 1353 1068 altaris
1383 1033 1555 1079 designa-

297 1093 423 1131 uerat3
452 1091 550 1135 quod
575 1090 615 1124 in
638 1092 788 1125 tantum
813 1091 934 1126 creuit
960 1103 1051 1136 opus
1078 1091 1117 1126 in
1143 1092 1234 1135 dies,
1253 1094 1306 1133 ut,
1332 1104 1416 1128 cum
1443 1092 1555 1138 pauci

297 1151 422 1184 essent
448 1149 618 1194 operarii,
655 1149 816 1184 secundo
844 1161 888 1184 ex
918 1161 990 1193 quo
1020 1149 1239 1185 inchoatum
1273 1153 1328 1187 est
1362 1162 1474 1193 anno,
1508 1150 1554 1185 ad

297 1207 571 1242 dedicationem
606 1218 722 1251 usque
756 1207 981 1252 perueniret.
1032 1208 1085 1243 Εο
1123 1211 1251 1244 autem
1283 1211 1453 1254 tempore
1483 1221 1555 1253 quo

298 1266 620 1301 reuerentissimus
653 1266 767 1300 abbas
801 1266 1031 1301 Benedictus
1064 1266 1155 1302 illuc
1188 1267 1341 1302 miserat
1380 1267 1555 1303 abbatem

299 1324 539 1365 Ceolfridum‚
561 1323 759 1359 constituit
778 1326 816 1359 et
833 1324 1071 1359 AEosterwini
1083 1324 1104 1366 ²,
1125 1337 1235 1369 quem
1254 1325 1446 1370 praefatus
1464 1337 1556 1368 sum,

297 1382 548 1427 presbiterum
560 1384 839 1427 cognatumque
853 1394 972 1426 suum,
983 1383 1117 1427 prioris
1129 1383 1347 1418 monasterii
1362 1385 1557 1425 rectorem,

299 1453 375 1476 non
413 1441 500 1485 quia
532 1453 647 1475 unum
684 1440 859 1484 idemque
895 1441 1165 1477 monasterium
1199 1442 1291 1477 duos
1324 1442 1461 1477 habere
1496 1441 1558 1477 uel

299 1499 429 1544 possit,
456 1500 517 1535 uel
549 1500 683 1534 debeat
717 1499 884 1540 abbates
913 1500 977 1535 sed
1005 1500 1092 1544 quia
1126 1500 1204 1545 ipse
1238 1512 1305 1545 pro
1336 1499 1452 1535 insita
1486 1499 1558 1534 sibi

300 1558 487 1603 sapientia
505 1560 541 1593 et
560 1557 780 1592 maturitate
800 1557 1041 1592 consiliorum
1059 1558 1184 1603 sepius
1202 1559 1249 1593 ad
1267 1570 1393 1604 regem
1415 1558 1558 1593 solebat

300 1616 460 1657 euocari,
488 1628 557 1651 nec
586 1616 747 1650 uacabat
776 1626 863 1650 eum
893 1627 1040 1660 semper
1072 1616 1326 1661 gubernandis
1360 1615 1557 1661 disponen-

299 1674 428 1718 disque
455 1673 674 1709 monasterii
704 1673 802 1708 curis
832 1673 1021 1718 implicari
1034 1673 1055 1714 ³,
1083 1674 1273 1719 quaesiuit
1303 1674 1376 1709 sibi
1406 1674 1556 1716 socium,

300 1744 373 1777 quo
392 1732 610 1773 auxiliante,
631 1731 801 1767 debitum
814 1733 959 1777 pondus
972 1733 1167 1778 regiminis
1181 1732 1304 1768 leuius
1316 1732 1556 1777 securiusque

299 1793 479 1836 portaret.
529 1791 688 1835 Insuper
714 1792 752 1826 et
779 1791 935 1825 Romam
965 1790 1018 1826 ire
1051 1791 1268 1835 festinabat,
1296 1791 1474 1836 quatinus
1503 1803 1557 1833 ea,

300 1861 395 1894 quae
416 1861 564 1885 necesse
584 1852 708 1885 essent
727 1849 974 1891 monasteriis,
995 1862 1066 1894 que
1087 1850 1319 1892 condiderat,
1339 1850 1386 1885 de
1407 1849 1559 1896 peregri

299 1908 463 1953 patriam
477 1908 489 1926 4
507 1908 607 1942 bona
624 1908 795 1943 referret.

352 1977 404 2010 13.
431 1966 510 2008 Qui,
535 1968 538 2010 Ι
561 1966 650 2000 dum
662 1965 921 2000 transmarinis
934 1968 1144 2001 moraretur
1156 1965 1196 2000 in
1208 1966 1309 2008 locis,
1325 1965 1561 2008 ecce,subita

299 2024 543 2070 pestilentiae
562 2025 729 2069 procella
752 2024 1009 2059 Brittanniam
1036 2024 1242 2069 corripiens
1264 2026 1344 2060 lata
1367 2037 1459 2060 nece
1478 2037 1560 2060 uas-

300 2082 410 2123 tauit.
438 2083 477 2117 in
504 2095 578 2127 qua
603 2082 755 2127 plurimi
785 2083 830 2118 de
857 2085 1016 2127 utroque
1044 2083 1122 2118 eius
1148 2083 1387 2124 monasterio,
1415 2086 1454 2119 et
1481 2083 1559 2128 ipse

302 2141 530 2176 uenerabilis
548 2153 591 2176 ac
612 2141 688 2176 Deo
711 2140 872 2176 dilectus
890 2141 1005 2175 abbas
1024 2140 1248 2176 Eosterwini
1263 2140 1277 2160 ²
1293 2144 1422 2186 raptus
1439 2144 1495 2176 est
1513 2142 1560 2176 ad

303 2199 514 2240 Dominum,
535 2200 645 2233 IIIIto
663 2211 709 2234 ex
728 2211 798 2243 quo
817 2199 932 2234 abbas
951 2211 1029 2234 esse
1049 2202 1223 2244 caeperat
1242 2211 1350 2234 anno.
1401 2199 1470 2234 Pro
1489 2211 1560 2244 quo

304 2259 451 2301 fratres,
495 2270 570 2292 una
610 2270 692 2292 cum
739 2257 896 2292 consilio
937 2257 1118 2293 Ceolfridi
1155 2257 1312 2298 abbatis,
1354 2256 1560 2302 Sigfridum

303 2317 501 2352 diaconem
531 2316 699 2351 eiusdem
732 2315 962 2358 monasterii,
990 2315 1084 2351 mire
1114 2315 1328 2351 sanctitatis
1361 2315 1494 2356 uirum,
1522 2318 1560 2351 et

305 2375 573 2419 scripturarum
597 2373 730 2409 studiis
748 2374 986 2409 abundanter
1003 2373 1227 2409 instructum
1249 2386 1291 2409 ac
1316 2373 1561 2419 singulariter

294 2433 507 2476 intentum,
526 2432 757 2468 constituere
780 2432 967 2467 abbatem.

349 2533 357 2551 ¹
381 2534 482 2564 fieret
498 2533 545 2564 H.
656 2533 668 2551 ²
692 2533 934 2564 aesterwinum
952 2543 960 2571 ;
984 2542 1067 2563 -nus
1084 2533 1109 2564 δ.
1224 2532 1235 2550 ³
1257 2542 1308 2563 -re
1326 2533 1374 2565 H.
1483 2531 1494 2550 4
1519 2531 1562 2564 de

304 2583 487 2624 peregrina
503 2582 620 2622 patria
636 2582 662 2613 δ.

1576 924 1675 952 Baed.
1690 924 1706 960 ,ξ
1718 926 1745 952 8.

1583 1971 1604 2000 f.
1621 1980 1654 2007 25
1667 1980 1695 1999 a.
