1803 2887
686 159 861 197 auctore
890 155 1050 197 Baeda.
1413 155 1499 196 369

242 270 428 320 prouisor
446 269 606 320 inpiger
625 272 868 308 ornamenta
897 269 962 308 uel
992 270 1254 308 munimenta
1274 271 1475 307 conferret
1492 284 1500 317 ;

243 335 410 386 quarta¹
444 335 527 383 illo,
564 337 657 384 post
689 335 950 383 conpositum
984 335 1097 373 iuxta
1129 335 1314 384 regulam
1345 347 1502 372 monas-

243 400 405 447 terium,
429 400 678 450 profectione
698 400 886 449 conpleta
915 400 1206 449 multipliciore
1236 414 1360 449 quam
1389 399 1504 448 prius

244 466 492 516 spiritalium
514 466 712 503 mercium
732 465 873 503 fenore
902 466 1137 503 cumulatus
1166 465 1298 503 rediit.
1360 465 1504 502 Primo
1527 471 1700 498 Treasures

246 531 355 581 quod
393 530 738 568 innumerabilem
772 532 956 568 librorum
990 531 1128 568 omnis
1162 531 1322 580 generis
1360 531 1505 578 copiam
1528 509 1670 582 ξζὲζὲξξ

245 595 501 645 adportauit;
542 596 730 634 Secundo
762 596 870 644 quod
909 597 1160 644 reliquiarum
1191 597 1382 634 beatorum
1419 608 1506 644 apo-
1528 589 1608 617 him.

247 661 450 699 stolorum
482 663 773 710 martiramque
801 660 958 699 Christi
988 661 1298 699 habundantem
1333 660 1507 710 gratiam

248 727 396 765 multis
410 727 644 777 Anglorum
660 726 865 764 aecclesiis
880 727 1139 775 profuturam
1160 727 1325 764 aduexit
1344 741 1352 774 ;
1373 726 1510 764 Tertio

249 793 358 842 quod
373 794 542 831 ordinem
555 793 742 830 cantandi
756 792 959 841 psallendi
978 794 1099 841 atque
1122 795 1161 830 in
1182 794 1360 830 aeeclesia
1381 793 1512 830 minis-

249 859 382 896 trandi
403 859 509 896 herta
528 871 687 896 morem
702 858 900 895 Romanae
915 859 1165 896 institutionis
1177 871 1250 895 suo
1266 857 1513 895 monasterio

250 923 507 971 contradidit,
531 923 737 972 postulato
768 923 960 960 uidelicet
989 925 1112 972 atque
1141 925 1303 972 accepto
1332 923 1382 960 ab
1411 924 1515 972 Aga-

250 989 377 1027 thone
397 1002 501 1038 papa
521 990 780 1027 archicantore
801 990 999 1027 aecclesiae
1020 989 1127 1027 beati
1148 989 1321 1038 apostoli
1342 988 1455 1026 Petri
1476 990 1517 1025 et

251 1056 386 1094 abbate
423 1056 647 1093 monasterii
685 1055 784 1093 beati
821 1054 1020 1092 Martinffl
1053 1056 1239 1101 Iohanne,
1287 1068 1408 1104 quem
1453 1053 1518 1091 sui

253 1120 444 1158 futurum
465 1119 710 1169 magistrum
731 1120 971 1158 monasterii
991 1121 1257 1168 Brittannias,
1283 1121 1518 1158 Romanum

254 1185 405 1235 Anglis
443 1186 668 1224 adduceret.
732 1186 807 1234 Qui
845 1185 917 1223 illo
954 1186 1213 1235 perueniens,
1256 1199 1342 1223 non
1380 1185 1515 1223 solum

254 1253 352 1290 uiua
372 1263 461 1289 uoce
481 1264 582 1300 quae
603 1251 756 1289 Romae
779 1251 922 1289 didicit
949 1252 1241 1289 aecclesiastica
1268 1250 1519 1289 discentibus

256 1317 456 1364 tradidit3
503 1317 574 1354 sed
612 1320 652 1354 et
691 1330 777 1354 non
815 1331 940 1366 pauca
978 1318 1103 1355 etiam
1144 1319 1282 1356 litteris⁴
1326 1317 1521 1354 mandata

258 1382 425 1432 reliquit
437 1383 460 1430 ³,
486 1396 589 1432 quae
609 1382 807 1420 hactenus
833 1383 878 1420 in
901 1383 1084 1421 eiusdem
1110 1383 1349 1421 monasterii
1374 1382 1521 1419 biblio-

260 1449 379 1487 theca
415 1448 636 1486 memoriae
675 1449 805 1497 gratia
843 1451 1070 1487 seruantur.
1140 1449 1352 1497 Quartum,
1396 1448 1523 1485 Bene-

67 1525 87 1553 f.
108 1534 139 1552 10
153 1524 181 1552 b.
262 1515 397 1553 dictus
435 1527 520 1551 non
552 1513 636 1551 uile
665 1527 818 1552 munus
845 1514 847 1559 Ι
874 1514 1035 1557 adtulit,
1069 1515 1285 1563 epistolam
1320 1513 1526 1563 priuilegii

262 1593 287 1618 a
322 1579 550 1617 uenerabili
582 1592 686 1628 papa
716 1580 936 1628 Agathone
971 1593 1065 1617 cum
1097 1580 1272 1627 licentia,
1309 1592 1522 1625 consensu,

264 1645 475 1693 desiderio,
519 1647 560 1683 et
604 1645 769 1683 hortatu
806 1646 990 1695 Ecgfridi
1037 1646 1143 1695 regis
1187 1647 1406 1694 acceptam.
1450 1657 1529 1694 qua

264 1712 575 1758 monasterium,
610 1711 719 1760 quod
748 1711 854 1759 fecit,
884 1712 934 1749 ab
964 1712 1078 1749 omni
1107 1725 1274 1760 prorsus
1302 1711 1528 1749 extrinseca

265 1777 494 1826 irruptione
537 1778 678 1814 tutum
723 1779 922 1826 perpetuo
960 1778 1199 1815 redderetur
1244 1791 1288 1815 ac
1337 1777 1525 1814 liberum.

268 1842 484 1891 Quintum,
527 1843 708 1890 picturas
754 1842 985 1892 imaginum
1038 1845 1272 1881 sanctarum
1329 1855 1430 1891 quas
1480 1841 1530 1879 ad

268 1909 525 1946 ornandam‘*
572 1909 808 1946 aecclesiam
855 1909 965 1946 beati
1011 1909 1126 1946 Petri
1172 1908 1356 1958 apostoli,
1408 1920 1531 1956 quam

271 1976 566 2013 construxerat.
600 1974 775 2022 detulit3
811 1974 1035 2024 imaginem
1064 1974 1255 2012 uidelicet
1285 1974 1427 2011 beatae
1457 1972 1534 2010 Dei

272 2039 488 2090 genetricis
525 2053 768 2089 semperque
801 2041 978 2090 uirginis
1011 2040 1172 2087 Mariae,
1209 2040 1334 2077 simul
1367 2042 1407 2077 et
1441 2040 1536 2076 duo-

273 2105 405 2143 decim
426 2105 715 2154 apostolorum,
741 2106 890 2155 quibus
909 2105 1089 2144 mediam
1111 2106 1293 2144 eiusdem
1322 2105 1536 2144 aecclesiae

274 2171 538 2219 testudinem,
581 2172 703 2209 ducto
743 2185 766 2209 a
804 2172 958 2220 pariete
997 2172 1048 2210 ad
1088 2173 1286 2220 parietem
1327 2170 1536 2208 tabulato⁵

276 2237 553 2286 praecingeret
571 2251 579 2284 ;
623 2237 824 2287 imagines
861 2237 1118 2287 euangelicae
1155 2237 1348 2275 historiae
1387 2236 1537 2285 quibus

277 2302 500 2340 australem
547 2303 763 2341 aecclesiae
809 2304 1008 2353 parietem
1051 2304 1284 2349 decoraret;
1336 2302 1538 2351 imagines

278 2367 489 2405 uisionum
526 2369 765 2418 apocalipsis
801 2369 910 2407 beati
948 2369 1159 2417 Iohannis,
1194 2370 1344 2417 quibus
1382 2370 1539 2417 septen-

280 2432 498 2471 trionalem
528 2446 653 2483 aeque
682 2434 882 2483 parietem
911 2436 1086 2482 ornaret,
1112 2434 1306 2483 quatinus
1334 2433 1539 2471 intrantes

326 2542 337 2560 ¹
361 2544 487 2582 quarta
505 2543 616 2583 igitur
633 2548 672 2574 Δ.
921 2544 933 2561 ²
956 2546 990 2575 et
1007 2544 1133 2575 abbate
1152 2568 1158 2574 .
1178 2568 1184 2575 .
1205 2567 1212 2574 .
1234 2567 1241 2574 .
1258 2543 1407 2573 martini
1423 2553 1482 2574 om.
1501 2547 1538 2574 Δ.

282 2594 294 2612 ³
319 2595 420 2635 -quid
436 2594 496 2634 Hl.
609 2595 620 2613 ⁴
645 2595 863 2627 adorandam
880 2600 919 2627 Δ.
1023 2596 1034 2614 ⁵
1058 2598 1104 2627 -ta
1122 2596 1182 2636 Hx.
1205 2597 1247 2627 D.
1266 2597 1328 2637 H2.
1346 2596 1383 2626 P.
1401 2596 1440 2626 B.
1458 2595 1496 2626 F.

878 2652 950 2690 Bb
