1803 2887
235 161 312 196 ΕΑΒ.
329 160 403 201 1V.]
649 149 801 193 Gentis
832 148 1104 203 Angylorum.
1410 145 1494 186 213

746 295 867 334 CAP.
901 293 973 332 IV.

236 401 272 429 Ut
285 400 410 428 Colman
425 398 590 433 episcopus,
606 395 710 424 relicta
726 395 893 431 Brittania,
913 395 972 422 (Iao
996 392 1181 421 monasteria
1201 392 1234 420 ἰη
1250 391 1371 428 Scottz'a,
1391 398 1494 419 unum

394 451 508 487 Scottis,
528 450 658 477 alterum
674 447 795 485 Anglis,
816 455 889 482 quos
904 454 1004 474 secum
1020 446 1200 481 adflaverat,
1211 444 1329 479 fecerit.

287 536 473 573 INTEREA
505 533 738 580 Colmanus,
775 531 846 581 qui
881 531 930 568 de
965 530 1118 568 Scottia
1150 531 1235 567 erat
1266 527 1488 576 episc-opus,

230 601 471 649 relinquens
509 598 770 644 Brittaniam,
805 596 904 634 tulit
942 608 1081 633 secum
1118 606 1272 641 omnes,
1308 605 1410 642 quos
1448 592 1492 630 in

230 663 660 704 Lindisfarnensium1
692 662 829 700 insula
858 661 1175 710 congregauerat
1205 659 1390 705 Scottos3
1420 657 1490 695 sed

230 733 271 768 et
291 731 340 768 de
361 733 481 780 gente
501 730 734 779 Anglorum
755 728 865 765 uiros
885 726 1045 764 circiter
1065 725 1199 772 XXX,
1226 724 1296 773 qui
1325 722 1490 772 utrique

179 827 184 834 .
229 797 490 834 monachicae
523 793 846 833 conuersationis
872 790 875 842 Ι
902 793 1018 829 erant
1052 790 1199 828 studiis
1228 789 1374 826 inbuti.
1436 789 1491 825 Et

228 861 381 899 relictis
415 861 460 899 in
493 861 661 899 ecclesia
694 872 767 896 sua
791 857 986 895 fratribus
1018 856 1185 904 aliquot,
1209 855 1343 904 primo
1375 854 1490 891 uenit

227 927 277 964 ad
306 927 487 964 insulam
519 926 604 973 Hii,
634 925 743 963 unde
778 925 863 961 erat
892 923 942 960 ad
972 920 1290 971 praedicandum
1317 919 1488 957 uerbum

226 992 463 1041 Anglorum
491 991 606 1040 genti
634 990 863 1027 destinatus
876 987 899 1025 2.
958 987 1118 1025 Deinde
1157 986 1322 1024 secessit
1351 985 1401 1022 ad
1432 985 1489 1021 in-

227 1057 360 1095 sulam
381 1057 589 1106 quandam
610 1068 791 1105 paruam,
817 1067 919 1103 quae
940 1053 989 1091 ad
1010 1051 1302 1090 occidentalem
1323 1050 1487 1099 plagam

227 1123 277 1160 ab
319 1123 521 1160 Hibernia
557 1121 698 1171 procul
737 1122 902 1166 secreta,
937 1131 1127 1157 sermone
1166 1117 1342 1154 Scottico
1386 1116 1489 1153 Inis-

226 1188 458 1235 boufinde3,
497 1188 538 1226 id
574 1190 635 1225 est
674 1186 810 1224 insula
852 1185 1007 1223 uitulae
1045 1184 1171 1231 albae,
1210 1184 1484 1230 nuncupatur.

227 1254 280 1291 In
308 1254 441 1291 hanc4
465 1266 560 1302 ergo
590 1252 846 1302 perveniens,
886 1249 1140 1288 construxit⁵
1173 1248 1484 1296 monasterium,

227 1321 267 1357 et
297 1319 522 1357 monachos
550 1319 663 1366 inibi,
689 1331 790 1367 quos
820 1317 870 1354 de
899 1318 1071 1365 utraque
1098 1315 1265 1353 natione
1295 1314 1488 1352 collectos

225 1385 460 1432 adduxerat,
498 1384 721 1422 collocauit.
796 1383 875 1431 Qui
908 1396 1002 1420 cum
1034 1382 1215 1419 inuicem
1246 1380 1488 1418 concordare

227 1463 312 1488 non
345 1452 524 1499 possent,
565 1463 610 1487 eo
649 1449 757 1498 quod
800 1449 927 1487 Scotti
964 1449 1149 1496 tempore
1187 1446 1363 1491 aestatis,
1407 1459 1487 1494 quo

224 1516 362 1566 fruges
393 1518 509 1554 erant
540 1515 799 1564 colligendae,
834 1514 976 1551 relicto
1008 1512 1256 1550 monasterio
1288 1525 1360 1560 per
1390 1513 1489 1549 nota

224 1581 302 1619 sibi
322 1581 409 1619 loca
429 1581 600 1630 dispersi
620 1582 877 1630 uagarentur,
901 1582 943 1618 at
972 1592 1069 1617 uero
1089 1578 1225 1616 hieme
1246 1577 1487 1615 succedente

225 1647 415 1694 redirent,
451 1648 490 1684 et
519 1647 594 1694 his,
630 1659 732 1695 quae
762 1645 891 1695 Angli
919 1644 1270 1694 praeparauerant,
1301 1655 1485 1680 commu-

224 1713 331 1750 niter
346 1712 407 1749 uti
423 1712 698 1750 desiderarent
714 1725 723 1759 3
754 1710 955 1760 quaesiuit
976 1710 1198 1749 Cohnanus
1218 1708 1313 1746 huic
1335 1708 1485 1745 dissen-

223 1778 329 1816 sioni
358 1778 597 1825 remedium,
623 1780 663 1815 et
693 1777 893 1814 circuiens
924 1776 1062 1813 omnia
1092 1788 1217 1824 prope
1250 1774 1318 1812 uel
1349 1774 1482 1823 longe,

224 1842 387 1880 inuenit
414 1843 549 1880 locum
579 1843 623 1879 in
654 1842 883 1880 Hibernia⁶
902 1841 1037 1879 insula
1065 1843 1209 1889 aptum
1238 1839 1486 1877 monasterio

225 1908 509 1955 construendo,
529 1909 598 1957 qui
612 1908 752 1957 lingua
769 1907 1024 1945 Scottorum⁷
1038 1907 1132 1955 Mag
1144 1911 1190 1943 eo
1201 1906 1213 1925 Β
1226 1905 1484 1952 nominatum

224 1975 406 2022 emitque
427 1975 586 2022 partem
607 1974 694 2011 eius
714 1987 798 2010 non
819 1973 1026 2022 grandem,
1051 1973 1101 2010 ad
1121 1971 1459 2009 constituendum
1472 1971 1485 1990 ⁹

224 2040 282 2078 ibi
319 2040 626 2087 monasterium,
668 2052 691 2077 a
729 2039 888 2087 comite,
930 2039 980 2076 ad
1024 2039 1138 2076 cuius
1184 2038 1485 2086 possessionem

224 2104 481 2154 pertinebat3
511 2118 556 2142 ea
585 2104 821 2142 condicione
854 2104 1003 2151 addita,
1037 2106 1083 2142 ut
1116 2117 1189 2153 pro
1224 2104 1311 2152 ipso
1346 2104 1480 2150 etiam,

226 2171 296 2220 qui
329 2171 386 2207 eis
417 2170 553 2208 locum
586 2170 872 2218 commodaret,
904 2169 1175 2207 consistentes
1205 2169 1263 2207 ibi
1293 2169 1485 2206 monachi

225 2235 404 2273 Domino
419 2248 557 2284 preces
577 2236 770 2273 offerrent
788 2234 824 2273 ¹⁰.
873 2235 927 2272 Et
943 2237 1175 2272 constructo
1191 2235 1332 2272 statim
1349 2247 1485 2271 mona-

224 2300 357 2348 sterio,
375 2301 545 2338 iuuante
566 2301 691 2338 etiam
711 2302 860 2338 comite
879 2314 924 2338 ac
945 2300 1092 2338 uicinis
1108 2300 1311 2348 omnibus,
1324 2300 1485 2349 Anglos

222 2365 376 2403 ibidem
395 2366 555 2413 locauit,
576 2366 729 2404 relictis
749 2366 793 2403 in
813 2366 990 2415 praefata
1011 2366 1147 2404 insula
1167 2365 1326 2404 Scottis.
1366 2365 1482 2413 Quod

267 2486 276 2503 ¹
299 2488 343 2518 -si
360 2488 398 2519 O.
486 2487 499 2504 ²
522 2489 591 2520 dis·
609 2489 655 2520 M.
745 2489 756 2507 3
780 2490 892 2519 inhis-
910 2490 938 2520 B
956 2501 963 2528 3
988 2490 1120 2520 inisbo-
1133 2490 1170 2521 C.
1188 2491 1231 2521 N.
1320 2490 1331 2507 ⁴
1348 2490 1414 2521 hac
1433 2490 1480 2521 M.

223 2537 234 2555 ⁵
257 2540 431 2570 construit
449 2540 486 2571 C.
589 2539 601 2557 ⁶
624 2542 764 2572 ibernia
779 2542 816 2572 C.
919 2540 930 2557 ⁷
955 2552 1030 2572 -um
1046 2553 1105 2573 om.
1122 2542 1169 2573 M.
1258 2543 1269 2560 ⁸
1293 2552 1417 2582 magen
1437 2543 1476 2574 N.

223 2590 234 2608 ⁹
257 2592 536 2622 construendum
554 2592 591 2624 C.
681 2592 705 2609 ¹⁰
730 2594 878 2624 offerent
894 2594 940 2625 M.

1515 996 1695 1024 Monaster-

1512 1036 1558 1063 ies
1573 1037 1718 1064 founded

1511 1075 1554 1109 by
1569 1076 1704 1103 Colman

1512 1114 1547 1142 in
1564 1115 1706 1143 Ireland.
