1803 2887
44 394 63 422 f.
85 404 115 430 ¹9
130 403 156 421 a.

692 151 867 190 auctore
897 149 1062 191 Baeda.
1416 152 1500 192 383

238 263 356 302 corda
386 277 560 313 sursum,
589 265 777 303 omnium
806 265 999 303 leuantur
1030 277 1148 303 uoces
1176 265 1225 303 ad
1256 266 1495 305 Dominum.

238 329 422 367 Tandem
468 330 532 368 die
570 330 701 378 tertia,
744 330 938 368 ueniente
976 328 1205 368 Dominieo¹
1243 332 1495 378 Pentecosten,

237 394 518 433 conueniunt²
557 409 700 434 omnes
726 394 731 447 Ι
757 396 827 445 qui
869 398 986 434 erant
1022 396 1067 433 in
1105 396 1352 434 monasterio
1390 397 1500 435 beati

236 460 350 499 Petri
388 462 432 498 in
471 461 702 509 concilium,
745 463 898 500 adsunt
935 464 976 499 et
1016 463 1059 500 (Ie
1096 464 1327 501 monasterio
1364 463 1498 500 beati3

235 527 354 565 Pauli
373 527 580 565 seniorum
601 541 684 565 non
704 528 833 576 pauei.
895 528 962 565 Fit
981 541 1063 566 una
1085 528 1309 575 eoncordia,
1336 529 1499 566 eadem4

236 594 505 642 utrorumque
534 593 748 631 sententia.
824 594 1006 642 Eliyitur
1038 593 1176 642 itaque
1210 595 1328 638 abbas
1359 596 1499 633 chet-

237 658 431 696 berektzcs⁵
461 659 552 706 quiss
576 672 601 697 a
620 658 765 707 primis
792 659 991 708 pueritiae
1021 659 1276 708 temporibus
1304 661 1429 698 eodem
1458 661 1500 697 in

235 725 460 762 monasterio
480 737 564 761 non
587 724 720 762 solum
741 724 938 774 regularis
960 724 1240 762 obseruantia⁷
1260 725 1500 774 disciplinae

235 788 463 835 institutus,
502 790 571 827 sed
603 790 643 826 et
673 789 889 837 scribendi,
928 789 1131 837 cantandi,
1167 788 1331 838 legendi
1361 803 1405 827 ae
1436 790 1500 827 do-

236 855 355 892 cendi
376 854 508 892 fuerat
528 868 613 892 non
639 867 765 903 parua
786 855 1029 893 exercitatus
1049 855 1261 893 industria.
1323 856 1498 893 Romam

235 932 395 968 quoque
434 920 688 969 temporibus
735 920 876 958 beatae
924 920 1146 958 memoriae
1195 920 1326 970 Sergii
1372 934 1499 970 papae

235 997 459 1033 accurrens,
496 987 536 1023 et
569 999 654 1023 non
691 999 817 1036 paruo
850 986 1002 1024 ibidem
1037 986 1235 1035 temporis
1269 986 1401 1035 spatio
1436 987 1499 1024 de-

234 1053 430 1099 moratus,
462 1052 671 1101 quaequeS
703 1051 781 1089 sibi
811 1051 1037 1090 necessaria
1065 1051 1280 1098 iudicabat,
1313 1051 1494 1099 didieit⁹‚

235 1115 458 1165 descripsit,
501 1117 669 1165 retulit;
717 1117 887 1166 insuper
925 1120 965 1155 et
1003 1117 1220 1155 duodecim
1258 1119 1354 1155 ante
1399 1117 1497 1155 haee

235 1194 365 1220 annos
386 1184 604 1230 presbiterii
624 1185 684 1220 est
708 1183 877 1221 functus
898 1183 1038 1222 officio.
1100 1184 1179 1221 Hie
1207 1183 1334 1232 igitur
1362 1185 1499 1221 elect-us

235 1249 353 1287 abbas
384 1249 434 1286 ab
469 1249 663 1287 omnibus
697 1249 910 1298 utriusque
941 1249 1114 1297 praefati
1151 1248 1390 1286 monasterii
1424 1248 1498 1286 fra-

235 1314 376 1361 tribus,
397 1315 537 1352 statim
558 1315 781 1364 assumptis
801 1328 939 1353 seeum
959 1315 1152 1363 aliquibus
1166 1315 1359 1362 fratrum,
1380 1315 1497 1353 uenit

235 1380 285 1417 ad
320 1379 509 1418 abbatem
544 1380 795 1419 Ceolfridum
833 1394 1002 1418 cursum
1036 1380 1154 1418 nauis
1189 1393 1267 1429 qua
1299 1393 1496 1418 oceanum

234 1446 427 1483 transiret
448 1448 726 1495 expectantem
749 1461 756 1493 ;
783 1460 905 1495 quem
922 1446 1128 1495 elegerant
1141 1445 1167 1465 ¹0
1188 1445 1378 1483 abbatem
1399 1459 1500 1484 nun-

234 1510 369 1549 tiant:
410 1511 494 1549 Deo
524 1511 682 1560 gratias,
714 1512 935 1560 respondit,
966 1513 1177 1550 electionem
1205 1513 1429 1559 confirmat,
1458 1514 1499 1549 et

236 1577 632 1615 eommemloctoriamG
669 1577 719 1615 ab
770 1591 817 1615 eo
864 1579 1061 1625 epistolam
1102 1575 1339 1625 aposi‘ob'eo11
1371 1590 1498 1625 papae

237 1642 434 1692 Gregorio
449 1643 702 1690 deferendam
716 1643 915 1696 suseepit3
946 1643 1072 1689 euius,
1089 1642 1312 1680 memoriae
1332 1642 1493 1690 causam,

235 1708 474 1757 putauimus
515 1708 638 1745 etiam
677 1708 722 1745 in
761 1708 836 1746 hoe
875 1721 994 1757 opere
1033 1722 1176 1746 uersus
1215 1708 1373 1757 aliquot
1411 1722 1497 1746 esse

234 1774 456 1823 ponendos.

294 1853 352 1887 19.
387 1841 553 1878 Domino
577 1841 615 1877 in¹
634 1841 802 1878 Domino
827 1841 1066 1878 ἀουιὶηονῑωη
1093 1841 1344 1887 dilectissimo,
1374 1842 1498 1887 terque

235 1906 450 1944 beatissimo
468 1917 596 1953 papae
629 1906 817 1954 Gregyorio,
841 1906 1167 1944 Hei-(etberelitus⁵
1187 1906 1345 1943 lemuilis
1364 1917 1498 1944 seruus

234 1973 364 2017 uester,
408 1971 526 2008 abbas
563 1972 731 2009 coenobii
769 1972 977 2009 beatissimi
1024 1972 1279 2019 apostolorum
1308 1972 1499 2018 principis

234 2036 339 2073 Petri
369 2036 451 2073 (le¹³
481 2036 660 2083 Scu‘onia,
686 2039 911 2085 peipeticam
941 2037 983 2073 in
1011 2037 1179 2074 Domino
1206 2036 1380 2073 salutem.

292 2101 451 2140 Gratias
471 2113 578 2149 affere
596 2114 674 2140 nou
699 2114 796 2140 cesso
823 2102 1098 2149 dispensationi
1124 2103 1277 2149 superni
1297 2102 1496 2148 examinis,

235 2179 317 2204 una
345 2179 432 2204 enm
460 2169 603 2205 sanetis
623 2168 818 2214 fratribus
842 2168 909 2214 qui
936 2179 1081 2205 meeum
1103 2168 1142 2204 in
1170 2168 1230 2204 leis
1256 2168 1346 2205 Iocis
1371 2168 1422 2205 ad
1447 2168 1502 2204 in-

236 2230 464 2267 ueniemlam
483 2231 648 2278 requiem
660 2230 685 2250 ¹⁴
713 2231 917 2268 animabus
942 2231 1024 2268 suis
1048 2231 1327 2268 ιςἰιιιῑιιζςδὶυηιἰη
1357 2229 1500 2268 Christi

280 2322 289 2338 ¹
314 2324 493 2355 dominico
509 2325 567 2355 die
585 2325 624 2356 P.
641 2325 678 2356 C.
732 2325 744 2342 ²
768 2334 870 2355 Gonu,
888 2325 1019 2355 iterum
1037 2325 1065 2355 δ.
1121 2324 1132 2340 ³
1156 2325 1253 2354 Petri
1273 2348 1384 2356 .....
1403 2325 1498 2355 beati

236 2386 294 2407 om.
311 2376 348 2406 C.
452 2376 463 2393 ⁴
486 2377 609 2408 eodem
626 2377 686 2415 HI.
785 2376 797 2394 ⁵
819 2377 1041 2407 hwetbertus
1058 2377 1099 2408 D.
1118 2377 1153 2407 P.
1176 2377 1211 2407 C.
1230 2377 1280 2415 B;
1305 2377 1443 2407 hweth-
1460 2377 1499 2408 F.

236 2428 248 2445 ⁶
263 2431 355 2458 From
372 2428 433 2467 qui
450 2433 475 2459 to
492 2429 753 2460 commendato-
766 2430 796 2460 is
812 2429 965 2460 omitted
982 2430 1020 2459 in
1039 2429 1098 2467 HI.
1144 2427 1155 2444 ⁷
1180 2429 1274 2460 -tiae
1295 2429 1338 2459 D.
1350 2429 1387 2459 P.
1402 2429 1439 2460 C.
1456 2429 1498 2460 Β.

236 2479 248 2497 ³
272 2490 377 2519 quem
395 2480 432 2511 G.
542 2481 554 2499 ⁹
578 2482 666 2511 dicit
683 2481 719 2512 C.
853 2481 877 2499 ¹⁰
900 2481 1074 2520 eligerent
1092 2481 1133 2512 D.
1155 2478 1204 2511 P¹.
1222 2481 1262 2511 B.
1397 2480 1420 2498 ¹¹
1445 2491 1497 2512 -ca

238 2532 276 2563 C.
402 2531 425 2549 ¹²
449 2543 589 2563 eausam
606 2533 643 2563 C.
661 2533 703 2564 B.
809 2531 833 2550 ¹³
855 2532 901 2564 ad
919 2533 1016 2564 MSS.
1062 2533 1105 2563 de
1122 2535 1149 2563 is
1165 2535 1346 2569 takenfrom
1363 2536 1409 2564 the
1425 2543 1496 2570 copy

237 2586 272 2621 os
282 2587 341 2615 this
356 2586 436 2615 letter
451 2587 486 2615 in
503 2584 601 2616 Hist.
617 2585 734 2616 Anon.
869 2582 892 2602 ²⁴
916 2585 1066 2625 gratiam
1084 2585 1124 2615 B.

1523 1190 1662 1218 Ceolsrid

1521 1230 1675 1257 confirms

1519 1269 1578 1297 the
1593 1270 1673 1297 elee-

1520 1309 1599 1337 tion.

1523 1851 1636 1878 Letter
1650 1851 1685 1878 of

1522 1891 1699 1918 Hwaetbert

1520 1932 1556 1957 to
1571 1930 1656 1965 Pope

1522 1969 1669 2005 Gregory
1685 1970 1725 1997 H.
