1803 2887
79 986 142 1012 Her
156 985 233 1018 long

75 1025 188 1052 illness
203 1024 268 1051 aud

76 1064 184 1091 alcath.

298 143 382 184 256
656 139 706 179 H
708 137 863 179 istoria
894 133 1197 177 Ecclesiastica
1392 136 1478 177 [Lm.
1498 138 1552 169 ιν.

299 253 415 303 quasi
461 252 598 290 subito
640 251 849 289 sublatum
893 261 987 286 eum
1031 247 1251 296 quaesierit
1298 257 1392 282 cum
1440 242 1555 281 omni

299 321 523 370 diligentia,
552 319 800 367 nullumque
830 317 917 355 eius
946 317 1108 366 uspiam
1137 309 1387 363 uestigium¹
1418 324 1556 360 appar-

300 386 415 424 uerit.
492 385 650 423 Uerum
698 397 793 421 cum
840 383 1109 421 solertissime
1155 381 1276 419 illum
1324 376 1550 428 quaesierit,

300 449 507 497 extemplo
534 461 576 485 se
601 447 805 496 repperire
830 446 906 483 sub
934 448 1048 483 ueste
1077 458 1151 482 sua
1176 442 1330 481 monile
1354 439 1556 490 pretiosis-

300 514 453 551 simum
472 528 480 561 ;
512 513 630 562 quod,
650 513 751 550 dum
766 511 965 549 attentius
981 510 1265 556 consideraret,
1280 507 1387 546 tanti
1398 506 1557 554 fulgore

301 578 473 616 luminis
520 578 721 627 refulgere
768 577 995 622 uidebatur,
1048 578 1094 613 ut
1138 587 1282 612 omnes
1329 571 1558 611 Brittaniae

302 644 405 681 fines
431 644 544 681 illius
572 644 698 693 gratia
718 642 948 692 splendoris
968 642 1155 690 inpleret.
1218 640 1333 688 Quod
1359 637 1558 675 nimirum

302 709 512 747 somnium
550 709 747 747 ueraciter
783 708 826 745 in
865 708 951 745 filia
989 708 1084 754 eius,
1129 707 1178 744 de
1217 718 1296 754 qua
1334 703 1554 752 loquimur,

303 776 513 824 expletum
544 777 632 822 est3
659 773 662 823 l
690 774 805 811 cuius
835 774 921 811 uita
954 786 1038 810 non
1073 772 1150 810 sibi
1180 770 1450 814 solummodo,
1488 770 1559 807 sed

305 841 448 878 multis
474 841 578 877 bene
609 840 749 877 uiuere
778 839 1015 877 uolentibus
1045 837 1234 885 exempla
1259 849 1430 885 operum
1456 834 1561 872 lucis

303 906 500 955 praebuit.

360 972 519 1010 Uerum
565 971 638 1009 illa
679 984 773 1009 cum
817 971 962 1008 multis
1005 970 1126 1007 annis
1167 969 1264 1006 huic
1312 968 1561 1005 monasterio

305 1040 522 1086 praeesset,
547 1036 702 1086 placuit
724 1037 789 1084 pio
805 1035 1008 1084 prouisori
1029 1035 1174 1072 salutis
1195 1036 1357 1071 nostrae
1377 1034 1561 1070 sanctam

306 1103 393 1140 eius
413 1102 596 1140 animam
616 1102 737 1151 longa
758 1102 883 1139 etiam
904 1101 1146 1138 infirmitate
1170 1100 1302 1138 carnis
1322 1098 1558 1144 examinari,

309 1171 362 1214 ut,
388 1168 502 1205 iuxta
523 1167 760 1216 exemplum
781 1167 964 1216 apostoli,
989 1167 1121 1204 uirtus
1145 1165 1233 1203 eius
1253 1166 1297 1203 in
1320 1165 1564 1202 infirmitate

307 1233 582 1282 perficeretur.
652 1233 851 1270 Percussa
889 1233 1044 1269 etenim
1083 1232 1267 1270 febribus
1307 1231 1390 1269 acri
1432 1229 1565 1279 coepit

306 1299 449 1336 ardore
481 1298 646 1348 fatigari
660 1298 684 1345 ²,
720 1300 760 1335 et
794 1311 866 1347 per
896 1311 965 1335 sex
1005 1298 1223 1336 continuos
1261 1310 1390 1336 annos
1424 1297 1564 1334 eadem

308 1361 497 1398 molestia
521 1361 703 1398 laborare
730 1374 814 1398 non
842 1360 1048 1407 cessabat3
1078 1361 1123 1398 in
1151 1374 1230 1409 quo
1250 1360 1362 1398 toto³
1382 1362 1565 1408 tempore

309 1440 537 1475 numquam
572 1427 659 1475 ipsa
697 1426 765 1463 uel
799 1426 1000 1463 conditori
1039 1440 1112 1463 suo
1150 1426 1300 1475 grat-ias
1338 1439 1466 1476 agere,
1500 1424 1564 1461 uel

309 1492 578 1530 commissum
606 1492 684 1530 sibi
710 1505 875 1541 gregem
898 1494 937 1529 et
961 1492 1123 1540 puplice
1143 1495 1184 1530 et
1208 1492 1402 1541 priuatim
1426 1492 1566 1529 docere

310 1557 678 1607 praetermittebat.
741 1558 847 1595 Nam
868 1571 941 1595 suo
965 1559 1182 1606 praedocta
1206 1559 1403 1607 exemplo,
1428 1570 1566 1595 mone-

310 1625 379 1662 bat
413 1625 585 1662 omnes⁴
621 1626 661 1661 et
695 1624 739 1660 in
779 1624 911 1661 salute
949 1625 1112 1672 accepta
1151 1624 1329 1673 corporis
1363 1622 1569 1661 Domino5

312 1691 644 1738 obtemperanter
668 1689 946 1735 seruiendum,
972 1691 1012 1727 et
1040 1689 1083 1726 in
1109 1689 1291 1727 aduersis
1319 1702 1459 1726 rerum
1483 1688 1570 1726 siue

311 1755 624 1793 infirmitatibus
681 1756 967 1793 membrorum
1023 1755 1200 1792 fideliter
1252 1755 1430 1793 Domino
1484 1767 1570 1792 esse

315 1821 464 1870 gratias
486 1834 648 1869 semper
664 1822 675 1840 ‘⁵
695 1821 882 1870 agendas.
944 1821 1051 1858 VII0
1078 1834 1173 1870 ergo
1198 1834 1293 1858 suae
1316 1820 1572 1858 infirmitatis

312 1900 433 1934 anno,
461 1900 658 1924 conuerso
685 1887 735 1924 ad
762 1886 970 1924 interanea
997 1886 1147 1933 dolore,
1173 1887 1223 1924 ad
1248 1887 1359 1923 diem
1382 1885 1571 1934 peruenit

317 1953 525 2000 ultimum,
552 1955 591 1989 et
621 1952 724 1989 circa
745 1952 842 2001 galli
864 1954 1043 2000 cantum,
1066 1954 1257 2001 percepto
1278 1951 1428 1989 uiatico
1449 1964 1574 1989 sacro-

315 2021 478 2056 sanctae
500 2017 814 2065 communionis,
839 2031 933 2055 cum
959 2017 1164 2055 arcessitis
1179 2018 1192 2037 ⁷
1216 2017 1384 2054 ancellis
1404 2016 1568 2063 Christi,

314 2098 416 2133 quae
454 2086 569 2121 erant
607 2083 651 2120 in
691 2083 834 2120 eodem
872 2083 1130 2131 monasterio,
1175 2084 1225 2121 de
1267 2083 1467 2120 seruanda
1507 2095 1573 2119 eas

317 2149 510 2196 inuicem,
535 2149 666 2186 immo
693 2162 788 2186 cum
814 2149 1009 2186 omnibus
1035 2162 1131 2198 pace
1156 2149 1391 2198 euangelica
1417 2161 1573 2186 ammo-

317 2219 462 2262 neret3
492 2215 602 2252 inter
630 2214 755 2252 uerba
785 2214 1080 2252 exhortationis
1110 2214 1214 2252 laeta
1243 2216 1423 2252 mortem
1452 2214 1568 2260 uidit,

314 2281 455 2327 immo,
493 2282 540 2318 ut-
575 2280 710 2317 uerbis
738 2280 908 2317 Domini
942 2280 1094 2329 loquar,
1134 2281 1183 2318 de
1214 2283 1348 2318 morte
1380 2279 1573 2318 transiuit

313 2346 363 2383 ad
385 2346 527 2384 uitam.

361 2449 371 2466 ¹
394 2450 501 2489 -giam
519 2450 565 2481 M.
708 2449 719 2466 2
743 2461 793 2481 -re
811 2451 870 2482 M'.
1015 2451 1026 2469 ³
1051 2454 1125 2483 toto
1141 2463 1200 2482 om.
1219 2452 1277 2482 M'.
1420 2450 1432 2468 4
1455 2460 1577 2481 omnes

316 2513 376 2532 om.
395 2502 455 2533 M¹.
606 2503 617 2520 ⁵
641 2503 785 2533 domino
802 2515 861 2534 om.
881 2503 939 2534 M1.
1087 2505 1098 2523 ⁰
1121 2514 1266 2544 semper,
1286 2507 1383 2534 added
1399 2514 1437 2534 on
1453 2505 1576 2541 margin

318 2555 364 2585 M.
463 2553 474 2570 ⁷
497 2555 677 2585 accersitis
693 2556 729 2586 C.
748 2556 801 2586 Ni

1584 778 1605 806 f.
1623 788 1662 814 90
1675 788 1702 805 a.

1588 1168 1628 1196 cf.
1646 1178 1659 1195 2
1676 1169 1745 1196 Cor.

1588 1207 1642 1236 xii.
1660 1218 1686 1244 9.

1596 2291 1665 2318 1011.
1681 2300 1708 2318 v.
1720 2297 1771 2325 242.
