1803 2887
84 1757 196 1785 1:6610.

284 156 361 186 CAP.
379 151 518 192 XXVI]
679 144 831 186 Gentis
863 143 1134 198 szylorum.
1456 142 1539 181 189

282 262 404 300 huius
425 261 541 310 cupio
557 260 600 298 in
621 260 813 298 omnibus
833 259 1019 297 oboedire
1043 257 1207 295 statutis
1224 271 1233 303 ;
1263 269 1316 294 ne
1335 255 1448 300 forte,
1473 269 1539 294 me

282 328 525 365 adueniente
540 326 590 363 ad
610 325 716 363 fores
734 324 851 374 regni
866 324 1079 371 caelorum,
1096 335 1181 360 non
1200 322 1252 359 sit
1267 321 1338 370 qui
1351 323 1503 359 reserat
1513 321 1535 368 ¹,

282 405 424 430 auerso
444 392 525 439 illo,
550 391 622 440 qui
640 390 773 428 claues
792 391 930 427 tenere
950 388 1169 438 probatur.’

335 457 448 495 Haec
478 457 635 494 dicente
664 469 766 504 rege,
797 455 990 492 fauerunt
1018 453 1248 491 adsidentes
1277 451 1426 500 quique
1455 451 1541 488 siue

280 522 487 560 adstantes
524 521 696 558 maiores
728 533 810 557 una
841 532 936 557 cum
968 517 1250 565 mediocribus,
1285 518 1325 554 et
1358 516 1540 554 abdicata

282 587 420 624 minus
438 586 616 635 perfecta
636 585 903 632 institutione,
927 584 978 622 ad
999 597 1055 632 ea,
1081 596 1184 632 quae
1203 581 1372 620 meliora
1399 594 1541 631 cogno-

280 654 434 700 uerant,
458 664 544 689 sese
563 651 784 689 transferre
802 650 1064 689 festinabant.

753 825 872 864 OAP.
905 824 1062 863 XXVI.

284 940 320 968 Ut
337 940 461 968 Colman
472 939 572 968 uictus
587 939 713 966 domum
724 938 844 965 redierit
854 947 866 971 ;
882 938 907 965 et
924 937 1010 964 Τιιᾱα
1022 945 1078 971 pro
1097 937 1143 963 illo
1155 936 1325 970 episcopatu
1336 936 1374 963 si!
1381 934 1516 970 sancius
1528 944 1539 969 ;

500 991 658 1026 qualisque
674 990 735 1018 illis
750 990 917 1017 doctoribus
921 988 1022 1023 fecerit
1037 989 1160 1016 habitus
1174 988 1322 1016 eccles-iae.

333 1091 563 1137 FmrroQUE
584 1090 785 1138 conflictu,
810 1103 855 1127 ac
871 1089 1005 1127 soluta
1024 1089 1213 1127 contione
1228 1089 1251 1136 ²,
1276 1088 1539 1137 Agilberctus
1564 1094 1700 1138 Col-man

279 1156 448 1194 domum
462 1157 589 1195 rediit.
629 1156 800 1194 Colman
814 1155 959 1193 uidens
971 1157 1152 1204 spretam
1167 1167 1285 1193 suam
1297 1154 1538 1196 doctrinam,
1561 1136 1732 1201 {gran-Saffo&

278 1223 511 1271 sectamque
542 1235 629 1259 esse
663 1221 898 1270 dispectam‚
923 1221 1124 1258 adsumtis
1153 1220 1227 1268 his,
1248 1220 1319 1269 qui
1352 1233 1393 1257 se
1425 1219 1540 1268 sequi

281 1287 511 1334 uoluerunt,
543 1287 583 1325 id
613 1289 673 1325 est
703 1287 773 1336 qui
800 1287 949 1336 pascha
978 1286 1222 1324 catholicum
1255 1288 1294 1323 et
1323 1288 1538 1323 tonsuram

278 1366 448 1391 coronae
482 1352 596 1404 (nam
628 1355 668 1391 et
699 1353 748 1390 de
778 1353 854 1390 hoc
888 1352 1069 1401 quaestio
1104 1365 1188 1389 non
1226 1351 1399 1389 minima
1436 1350 1539 1399 erat)

279 1419 453 1468 recipere
483 1419 690 1466 nolebant,
722 1418 916 1456 Scottiam
947 1430 1153 1467 regressus
1184 1419 1255 1464 est⁷
1290 1419 1540 1455 tractaturus

278 1498 371 1522 cum
404 1485 498 1532 suis,
530 1485 626 1534 quid
658 1484 708 1521 de
737 1484 804 1522 his
836 1483 966 1521 facere
999 1483 1174 1521 deberet.
1233 1482 1354 1531 Cedd,
1389 1483 1539 1520 relictis

279 1550 514 1588 Scottorum
551 1549 743 1599 uestigiis,
785 1549 834 1587 ad
879 1562 996 1586 suam
1043 1549 1182 1586 sedem
1224 1548 1354 1593 rediit,
1396 1550 1539 1597 utpote

276 1616 413 1665 agnita.
433 1616 714 1654 obseruatione
734 1615 921 1653 catholici
935 1615 1116 1664 paschae.
1179 1614 1300 1652 Facta
1320 1616 1381 1652 est
1400 1615 1539 1652 autem

276 1682 373 1719 haec
389 1682 570 1730 quaestio
585 1694 692 1719 anno
709 1681 935 1719 dominicae
950 1680 1240 1718 incarnationis
1254 1679 1533 1726 DCLXHII‘J,

277 1747 348 1796 qui
366 1746 444 1784 fuit
463 1759 597 1784 annus
618 1747 744 1785 Osuiu
764 1746 869 1795 regis
882 1746 1063 1793 XX1111S‚
1094 1744 1098 1795 1
1125 1746 1381 1794 episcopatus
1396 1747 1535 1782 autem

277 1812 522 1859 Scottorum,
556 1812 706 1861 quem3
732 1814 947 1861 gesserunt
976 1812 1019 1848 in
1048 1811 1257 1860 prouincia
1284 1811 1531 1860 Anglorum‚

277 1891 412 1916 annus
458 1878 647 1923 XXX¹¹S;
697 1878 900 1927 siquidem
937 1877 1076 1915 Aidan
1114 1876 1155 1913 X
1193 1879 1233 1914 et
1269 1876 1356 1914 VH
1403 1876 1533 1923 annis,

277 1944 407 1982 Finan
429 1944 580 1991 decem,
606 1943 778 1981 Colman
798 1943 928 1980 tribus
948 1942 1226 1991 episcopatum
1245 1943 1425 1979 tenuere.

330 2009 509 2047 Reuerso
541 2011 680 2046 autem
710 2009 884 2057 patriam
916 2008 1125 2055 Colmano,
1153 2007 1329 2056 suscepit
1363 2020 1435 2055 pro
1466 2007 1537 2044 illo
1561 2012 1652 2040 Tuda

275 2074 561 2124 pontificatum
619 2073 1060 2123 Nordanhymbrorum
1080 2074 1092 2092 ⁴
1148 2073 1330 2111 famulus
1387 2073 1538 2110 Christi
1561 2052 1712 2081 succeeds

277 2140 400 2187 Tuda,
426 2140 496 2189 qui
521 2141 607 2178 erat
635 2140 743 2188 apud
774 2139 935 2177 Scottos
963 2139 1168 2177 austrinos
1197 2139 1390 2185 eruditus,
1414 2140 1537 2187 atque

278 2205 489 2243 ordinatus
520 2205 742 2254 episcopus,
780 2204 935 2242 habens
967 2204 1080 2242 iuxta
1112 2217 1272 2241 morem
1304 2204 1537 2252 prouinciae

275 2270 386 2308 illius
417 2284 610 2308 coronam
639 2272 830 2308 tonsurae
859 2269 1148 2307 ecclesiasticae
1163 2270 1186 2317 ⁵,
1225 2271 1265 2307 et
1295 2269 1535 2306 catholicam

276 2336 471 2385 temporis
506 2335 706 2385 paschalis
744 2335 928 2385 regulam
975 2335 1197 2372 obseruans
1213 2348 1222 2382 3
1270 2334 1333 2371 uir
1370 2334 1536 2383 quidem

278 2400 412 2439 bonus
440 2414 484 2438 ac
510 2401 733 2450 religiosus,
759 2401 828 2438 sed
856 2400 1089 2450 permodico
1113 2402 1297 2449 tempore
1326 2399 1536 2437 ecclesiam

322 2521 333 2538 ¹
356 2525 485 2553 reseret
500 2522 554 2553 13².
681 2521 693 2539 ²
716 2523 898 2553 contentio
914 2522 945 2552 N
961 2533 968 2561 3
993 2522 1230 2552 contentione.
1248 2522 1289 2552 D.
1306 2522 1367 2560 H,
1403 2521 1451 2559 Οἱ.
1471 2523 1532 2553 &c.

283 2572 294 2589 ³
322 2584 429 2612 quam
446 2574 492 2606 M.
511 2575 547 2606 C.
564 2575 606 2615 N,
626 2578 745 2606 obscure
761 2578 793 2605 in
811 2575 852 2606 B.
942 2574 953 2591 ⁴
976 2575 1122 2605 norban-
1140 2574 1178 2606 C.
1266 2575 1277 2592 ⁵
1300 2584 1389 2605 -cam
1406 2574 1450 2605 N.
