1803 2887
253 213 329 245 CAP.
347 209 439 250 νη]
668 202 820 244 Gentis
851 203 890 243 A
901 203 1121 257 agylorum.
1453 204 1472 242 1
1481 205 1507 243 9

304 318 487 368 Contigit
506 320 644 356 autem
674 318 851 356 iudicem
881 331 926 355 ea
955 319 1064 363 hora,
1088 331 1166 367 qua
1195 318 1244 355 ad
1274 331 1368 355 eum
1388 318 1507 356 Alba·

249 396 328 421 nus
350 383 634 431 adducebatur,
659 383 740 421 aris
766 384 968 427 adsistere,
991 397 1035 421 ac
1063 383 1332 421 daemonibus
1355 384 1509 421 hostias

249 448 401 486 offerre.
463 449 650 497 Cumque
671 448 841 486 uidisset
852 448 1076 495 Albanum,
1097 461 1193 485 mox
1212 448 1272 485 ira
1292 461 1509 485 succensus

250 514 388 560 nimia,
412 515 518 562 quod
541 527 583 551 se
602 514 672 551 ille.
692 514 799 551 ultro
824 527 895 562 pro
918 514 1091 562 hospite,
1118 527 1241 562 quem
1263 516 1504 562 susceperat,

250 577 452 615 militibus
473 578 625 625 offerre,
650 592 694 616 ac
711 577 721 595 ¹
744 578 972 615 discrimini
992 579 1087 616 dare
1112 578 1436 627 praesumsisset,
1460 578 1509 615 ad

250 641 465 679 simulacra
485 643 745 690 daemonum,
764 642 912 691 quibus
927 642 1159 689 adsistebat,
1178 656 1272 680 eum
1293 642 1411 680 iussit
1427 655 1511 691 per-

250 707 357 744 trahi
376 722 384 745 :
418 707 544 754 ‘Quia
564 708 786 755 rebellem,’
805 708 1010 757 inquiens,
1034 710 1042 726 ⁴
1056 721 1100 746 ac
1121 709 1361 757 sacrilegum
1383 708 1510 745 celare

252 784 375 819 quam
394 772 598 809 militibus
624 773 790 810 reddere
816 773 1010 817 maluisti,
1043 774 1088 810 ut
1115 775 1346 810 contemtor
1366 773 1512 810 diuum

252 837 443 874 meritam
463 837 740 886 blasphemiae
759 850 854 874 suae
874 851 1047 886 poenam
1068 838 1206 885 lueret,
1233 850 1513 886 quaecumque

252 901 313 938 illi
343 902 595 939 debebantur
623 902 830 950 supplicia,
861 904 906 940 tu
937 903 1094 940 soluere
1123 903 1260 948 habes,
1285 903 1319 940 si
1348 916 1371 940 a
1400 903 1513 940 cultu

253 969 415 1004 nostrae
435 967 644 1017 religionis
664 968 869 1005 discedere
890 969 1065 1007 temtasss
1123 970 1180 1006 At
1208 970 1374 1006 sanctus
1397 969 1514 1005 Alba-

253 1045 340 1079 nus,
367 1032 437 1081 qui
458 1045 499 1070 se
520 1033 628 1070 ultro
648 1033 976 1081 persecutoribus
1003 1033 1098 1071 fidei
1126 1033 1408 1072 Christianum
1429 1046 1515 1070 esse

252 1098 494 1147 prodiderat,
531 1111 790 1147 nequaquam
823 1099 957 1136 minas
987 1099 1186 1148 principis
1219 1099 1396 1146 metuit3
1445 1098 1514 1136 sed

252 1163 455 1201 accinctus
475 1164 601 1201 armis
621 1164 794 1202 militiae
813 1164 1016 1213 spiritalis,
1042 1165 1178 1213 palam
1199 1178 1241 1201 se
1262 1164 1383 1201 iussis
1402 1163 1516 1201 illius

254 1242 393 1278 parere
419 1229 530 1266 nolle
552 1230 847 1278 pronuntiabat
859 1229 882 1269 ⁴².
944 1231 1051 1268 Tum
1078 1230 1228 1267 iudex:
1262 1229 1438 1275 ‘Cuius’
1459 1229 1516 1266 in-

255 1294 353 1342 quit,
393 1294 592 1333 ‘familiae
622 1295 688 1332 uel
716 1296 876 1345 generis
905 1309 947 1333 es
963 1298 982 1334 ⁵?
999 1296 1007 1311 ³
1060 1296 1248 1333 Albanus
1276 1294 1516 1343 respondit:

260 1359 389 1407 ‘Quid
419 1361 468 1398 ad
498 1362 538 1397 te
567 1360 756 1409 pertinet,
782 1374 861 1409 qua
890 1361 969 1398 sim
1000 1361 1127 1409 stirpe
1153 1360 1353 1410 genitus?
1391 1360 1460 1396 sed
1483 1359 1517 1396 si

255 1424 471 1462 ueritatem
491 1425 700 1475 religionis
723 1425 863 1463 audire
891 1425 1104 1472 desideras,
1131 1425 1413 1463 Christianum
1434 1424 1517 1461 iam

255 1504 321 1528 me
341 1504 437 1539 esse,
473 1491 800 1540 Christianisque
827 1492 968 1529 officiis
992 1505 1133 1529 uacare
1162 1490 1384 1540 cognosce*
1442 1489 1516 1526 Ait

256 1554 406 1593 iudex:
450 1555 633 1593 ‘Nomen
662 1558 783 1594 tuum
814 1569 972 1605 quaero,
1008 1556 1114 1605 quod
1147 1556 1234 1593 sine
1265 1568 1380 1592 mora
1412 1554 1517 1591 mihi

257 1619 448 1658 insinua.’
504 1620 589 1657 At³
617 1620 713 1659 ille:
754 1621 990 1668 ‘Albanus,’
1020 1621 1166 1670 inquit,
1205 1628 1249 1658 ‘a
1278 1619 1518 1669 parentibus

257 1699 389 1733 uocor,
415 1688 453 1723 et
475 1687 610 1724 Deum
630 1700 776 1724 uerum
796 1700 840 1724 ac
862 1687 1017 1726 uiuum.
1045 1687 1115 1735 qui
1135 1686 1329 1723 uniuersa
1350 1685 1513 1730 creauit,

258 1751 378 1788 adoro
405 1764 575 1800 semper,
599 1754 637 1788 et
669 1751 781 1789 colo.’
838 1752 945 1788 Tum
970 1751 1091 1788 iudex
1111 1750 1290 1799 repletus
1310 1749 1517 1787 iracundia

260 1816 387 1854 dixit:
432 1817 498 1854 ‘Si
530 1817 591 1854 uis
627 1817 820 1866 perennis
853 1817 961 1854 uitae
1000 1816 1194 1854 felicitate
1233 1815 1397 1865 perfrui,
1441 1814 1520 1852 diis

259 1883 420 1931 magnis
459 1883 681 1921 sacrificare
719 1897 770 1921 ne
808 1883 998 1921 differas.’
1054 1883 1243 1920 Albanus
1282 1881 1520 1930 respondit:

264 1948 488 1986 ''Sacrificia
516 1949 624 1996 haec,
656 1962 757 1998 quae
786 1962 809 1986 a
839 1949 955 1986 uobis
984 1949 1212 1986 redduntur
1239 1947 1517 1994 daemonibus,

260 2028 334 2052 nec
363 2015 548 2052 auxiliari
575 2015 768 2052 subiectis
792 2018 974 2064 possunt,
1002 2028 1074 2052 nec
1101 2014 1422 2063 supplicantium
1443 2012 1522 2050 sibi

262 2080 459 2118 desideria
488 2081 555 2118 uel
584 2083 679 2118 uota
707 2081 903 2130 conplere.
966 2080 1075 2127 Quin
1101 2080 1241 2127 immo,
1273 2079 1522 2128 quicumque

263 2146 328 2183 his
375 2146 570 2184 sacrificia
617 2146 847 2184 simulacris
890 2145 1094 2193 obtulerit,
1147 2147 1333 2183 aeternas
1373 2144 1523 2182 inferni

265 2224 415 2260 poenas
442 2225 514 2260 pro
543 2212 729 2249 mercede
758 2212 950 2260 recipiet.’

318 2276 398 2314 His
435 2277 594 2324 auditis,
627 2277 749 2314 iudex
788 2277 919 2314 nimio
956 2277 1093 2314 furore
1132 2278 1372 2323 commotus,
1412 2276 1523 2313 caedi

266 2343 453 2380 sanctum
474 2342 551 2380 Dei
577 2342 850 2380 confessorem
874 2356 897 2380 a
925 2342 1150 2380 tortoribus
1176 2342 1389 2391 praecepit,
1412 2344 1525 2379 autu-

267 2420 385 2444 mans
415 2421 456 2445 se
486 2407 736 2455 uerberibus,
767 2421 891 2457 quam
921 2408 1059 2445 uerbis
1088 2421 1172 2445 non
1201 2409 1367 2456 poterat,
1393 2406 1524 2445 cordis

267 2472 354 2510 eius
374 2473 558 2510 emollire
587 2473 869 2512 constantiam.
932 2473 1011 2521 Qui
1040 2486 1133 2510 cum
1157 2473 1374 2510 tormentis
1400 2472 1525 2510 affice-

269 2539 379 2575 retur
415 2538 631 2587 acerrimis,
673 2539 876 2588 patienter
913 2539 1011 2576 haec
1049 2551 1122 2587 pro
1161 2538 1351 2586 Domino,
1395 2538 1524 2575 immo

396 2636 406 2652 ¹
431 2646 537 2676 quem
555 2661 561 2668 .
581 2660 589 2668 .
611 2662 617 2668 .
637 2647 676 2667 ac
693 2647 750 2668 om.
768 2636 822 2669 N¹.
957 2636 968 2652 ²
993 2638 1059 2667 -bit
1077 2637 1133 2668 Μ’.
1260 2636 1272 2654 ³
1298 2639 1332 2668 et
1349 2636 1394 2667 M.

864 2703 926 2728 02
