1803 2887
46 426 113 460 {232
128 433 155 452 a.

240 181 316 212 CAP.
333 176 423 218 VIL]
640 168 790 211 Gentis
821 167 860 209 A
871 167 1091 223 nylormn.
1440 167 1494 207 93

238 285 421 324 tionibus
459 284 666 324 animatus
703 284 883 322 famulus
924 282 1077 321 Christi
1115 281 1362 320 Laurentius
1400 295 1497 320 mox

238 364 360 389 mane
389 351 495 389 facto
526 350 643 388 uenit
675 351 725 388 ad
760 362 909 399 regem,
940 350 990 396 et,
1025 347 1203 385 retecto¹
1233 346 1492 393 uestimento,

240 416 405 465 quantis
443 417 549 454 esset
587 414 824 453 uerberibus
854 414 1064 461 laceratus,
1107 412 1297 451 ostendit.
1382 410 1386 463 l
1419 411 1498 459 Qui

238 482 420 519 multum
453 481 626 518 miratus
657 482 698 518 et
731 479 955 528 inquirens,
998 479 1090 527 quis
1123 480 1239 516 tanto
1272 477 1362 515 uiro
1395 477 1497 514 tales

239 560 363 584 ausus
401 548 507 584 esset
543 546 684 594 plagas
721 544 931 594 infligere3
979 545 1026 581 ut
1063 543 1233 591 audiuit,
1272 542 1367 592 quia
1403 555 1498 580 suae

239 624 358 649 causa
382 611 526 649 salutis
550 610 762 659 episeopus
788 610 839 647 ab
869 608 1052 658 apostolo
1080 608 1235 646 Christi
1259 609 1374 646 tanta
1393 608 1499 645 esset

238 679 445 715 tormenta
464 677 684 725 plagasque
698 688 924 724 perpessus,
943 673 1134 712 extimuit
1150 673 1353 721 multum3
1377 675 1498 722 atque

237 741 581 780 anathematizato
603 741 718 778 omni
739 739 950 778 idolatriae
970 739 1095 786 cultu,
1121 739 1305 776 abdicato
1326 738 1499 776 conubio

238 820 322 845 non
338 807 532 856 legitimo,
551 806 727 855 suscepit
743 805 868 843 fidem
885 804 1050 852 Christi,
1071 806 1111 842 et
1131 804 1359 853 baptizatus
1381 804 1500 841 eccle-

238 872 320 910 siae
353 872 484 919 rebus,
517 873 719 921 quantum
748 870 892 918 ualuit,
924 869 968 907 in
995 869 1189 907 omnibus
1214 869 1426 907 consulere
1454 882 1498 906 ac

238 938 377 976 fauere
398 937 567 975 curauit.

291 1002 405 1041 Misit
420 1002 545 1040 etiam
560 1001 746 1048 Galliam,
765 1003 804 1039 et
820 1000 1026 1039 reuocauit
1039 1000 1247 1038 Mellitum
1261 1013 1305 1038 ac
1318 1000 1494 1048 Iustum,

238 1081 388 1117 eosque
425 1068 475 1106 ad
515 1081 608 1105 suas
646 1067 834 1105 ecclesias
880 1067 1008 1104 libere
1048 1066 1323 1104 instituendas
1369 1065 1500 1103 redire

237 1132 490 1183 praecepit&
521 1133 592 1182 qui
611 1134 703 1182 post
722 1146 891 1179 annum,
917 1146 966 1170 ex
991 1146 1069 1181 quo
1096 1131 1322 1179 ablerunt3,
1347 1130 1501 1169 reuersi

238 1201 336 1237 sunt
354 1214 361 1246 ;
410 1201 450 1236 et
471 1199 612 1236 Iustus
641 1198 808 1247 quidem
828 1198 878 1236 ad
905 1197 1113 1236 ciuitatem
1130 1197 1252 1235 Hrofi
1265 1198 1288 1245 4,
1309 1197 1375 1235 oui
1393 1210 1501 1246 prae-

238 1265 382 1312 fuerat,
407 1264 529 1302 rediit
546 1279 554 1311 ;
584 1264 792 1302 Mellitum
813 1277 909 1301 uero
930 1263 1243 1301 Lundonienses
1264 1262 1501 1312 episcopum

240 1329 416 1379 recipere
436 1330 671 1377 noluerunt,
691 1329 896 1367 idolatris5
917 1329 1048 1378 magis
1064 1328 1330 1378 pontificibus
1350 1328 1502 1365 seruire

239 1395 474 1445 gaudentes.
517 1395 611 1433 Non
635 1395 747 1432 enim
768 1397 883 1432 tanta
902 1396 986 1432 erat
1007 1394 1053 1442 ei,
1076 1396 1227 1443 quanta
1245 1393 1352 1442 patri
1371 1393 1501 1442 ipsius

238 1460 354 1510 regni
390 1462 580 1510 potestas,
623 1463 669 1498 ut
709 1460 833 1498 etiam
872 1459 1109 1498 nolentibus
1146 1472 1190 1497 ac
1229 1459 1502 1497 contradicen-

238 1526 350 1564 tibus
370 1526 539 1575 paganis
565 1526 797 1564 antistitem
821 1539 917 1563 suae
943 1527 1079 1574 posset
1099 1525 1291 1563 ecclesiae
1318 1525 1497 1562 reddere.

238 1591 539 1630 Uerumtamen
560 1591 648 1641 ipse
669 1605 763 1629 cum
784 1604 856 1629 sua
876 1593 1008 1641 gente,
1030 1604 1079 1628 ex
1100 1604 1180 1640 quo
1200 1591 1250 1628 ad
1273 1589 1501 1628 Dominum

239 1670 461 1694 conuersus
481 1659 552 1705 est,
577 1657 731 1695 diuinis
751 1670 793 1695 se
814 1656 972 1695 studuit
1001 1656 1233 1705 mancipare
1259 1655 1496 1705 praeceptis.

238 1722 426 1772 Denique
473 1725 513 1760 et
559 1725 604 1760 in
653 1722 901 1760 monasterio
948 1722 1176 1760 beatissimi
1220 1721 1500 1770 apostolorum

237 1788 434 1837 principis
463 1788 676 1826 ecclesiam
705 1790 868 1826 sanctae
895 1788 972 1826 Dei
1000 1787 1218 1837 genetricis
1246 1787 1352 1835 fecit,
1379 1799 1500 1836 quam

238 1853 489 1891 consecrauit
509 1853 835 1903 archiepisc-opus
855 1853 1049 1892 Mellitus.

744 2005 863 2044 CAP.
896 2004 994 2043 VII.

242 2106 278 2134 Ut
293 2106 426 2135 Mellitus
448 2107 601 2142 episcopus
610 2107 763 2141 flammas
786 2107 923 2135 ardentis
939 2114 1013 2135 suae
1034 2106 1172 2134 ciuitatis
1187 2106 1301 2133 orando
1314 2105 1498 2133 restinxerit.

293 2182 386 2221 Hoc
407 2183 519 2220 enim
544 2184 741 2232 regnante
770 2195 864 2232 rege
883 2182 1026 2220 beatus
1053 2181 1380 2231 archiepiscopus
1400 2182 1500 2219 Lau-

239 2248 395 2286 rentius
415 2261 589 2298 regnum
609 2248 778 2286 caeleste
798 2247 1043 2295 conscendit,
1069 2249 1191 2296 atque
1210 2247 1254 2284 in
1274 2247 1439 2284 ecclesia-
1459 2249 1500 2284 et

239 2314 486 2352 monasterio
514 2314 644 2352 sancti
673 2314 845 2363 apostoli
866 2313 980 2351 Petri
1009 2313 1124 2351 iuxta
1146 2312 1499 2362 prodecessor-em6

240 2392 361 2417 suum
389 2379 672 2429 Augustinum
706 2379 889 2429 sepultus
920 2381 982 2417 est
1017 2379 1081 2417 die
1109 2381 1254 2427 quarto
1286 2378 1499 2416 Nonarum

240 2444 549 2483 Februariarum
567 2459 575 2493 ;
605 2447 696 2494 post
713 2458 835 2494 quern
851 2444 1045 2492 Mellitus,
1069 2444 1139 2493 qui
1159 2446 1244 2482 erat
1260 2444 1500 2482 Lundoniae

283 2540 294 2557 ¹
317 2544 410 2573 recto
423 2542 482 2574 Ml.
551 2542 562 2559 ²
585 2544 760 2582 praecipit
777 2542 835 2575 Ml.
852 2543 887 2574 C.
986 2543 997 2561 ³
1021 2543 1184 2573 abierant
1201 2542 1241 2573 Β.
1322 2542 1333 2560 ⁴
1357 2542 1447 2573 rhofi
1461 2542 1497 2573 C.

241 2594 254 2614 5
278 2594 355 2624 -riis
368 2594 412 2624 M.
546 2594 557 2612 ⁶
580 2596 630 2626 sio
641 2595 686 2626 M.
701 2595 735 2626 C.
751 2595 814 2634 B¹;
840 2605 914 2635 pre·
929 2594 980 2626 132.

1523 612 1720 641 Conversion

1522 652 1558 681 of
1566 652 1723 681 Eadbald.

1525 1016 1651 1043 Return
1666 1016 1702 1041 ot*

1524 1055 1672 1082 Mellitus

1524 1095 1590 1122 and
1602 1094 1622 1123 J
1625 1096 1724 1122 ustus

1524 2191 1631 2219 Death
1648 2192 1679 2218 of

1524 2230 1667 2259 Lauren-

1524 2270 1598 2305 tius,
1616 2271 1687 2299 Feb.
1704 2282 1726 2306 ε,

1524 2311 1585 2344 619.
