1803 2887
51 791 78 817 Α
93 790 235 818 miracle.

284 151 364 190 130
635 148 845 190 Historia
876 148 1107 191 Ecclesia&
1114 149 1181 190 leco
1375 157 1459 198 [Lm.
1477 161 1534 191 111.

281 264 405 302 etiam
454 266 660 301 crescente
703 264 810 302 bona
858 264 1164 311 consuetudine,
1212 277 1342 314 nuper
1381 265 1536 304 ibidem

281 329 449 367 ecclesia
469 331 703 367 constructa
720 328 740 377 ¹,
771 330 1030 368 sacratiorem
1046 328 1059 348 ²
1086 332 1126 367 et
1153 330 1336 367 cunctis3
1362 330 1536 369 honora-

280 394 469 431 biliorem
496 394 688 432 omnibus
714 395 876 432 locum‘*
900 396 1038 433 fecere.
1100 395 1183 432 Nec
1209 395 1412 443 inmerito,
1444 396 1538 445 quia

280 460 455 507 nullum,
476 461 522 497 ut
539 459 810 508 conperimus,
830 460 927 498 fidei
948 460 1205 499 Christianae
1224 460 1400 508 signum,
1422 461 1536 499 nulla

280 524 458 571 ecclesia,
507 524 673 562 nullum
718 525 846 563 altare
884 525 927 562 in
965 527 1051 563 tota
1090 525 1377 563 Berniciorum
1415 527 1536 574 gente

280 591 461 627 erectum
492 591 565 635 est,
596 591 600 635 Ι
626 590 864 639 priusquam
898 591 974 628 hoc
1009 604 1143 628 sacrae
1177 590 1305 627 crucis
1336 591 1536 628 uexillum

280 667 414 691 nouus
439 655 610 692 militiae
637 656 790 703 ductor,
816 656 995 693 dictante
1019 656 1115 693 fidei
1144 655 1371 703 deuotione,
1396 657 1537 694 contra

279 719 443 757 hostem
464 719 803 758 inmanissimum
824 723 1082 769 pugnaturus
1102 722 1311 758 statueret.

335 786 419 822 Nec
433 786 446 804 ⁵
465 786 515 823 ab
532 799 574 823 re
590 788 651 824 est
666 800 796 824 unum
819 800 840 824 e
854 786 1050 835 pluribus,
1072 799 1175 835 quae
1190 787 1239 823 ad
1256 787 1359 823 hanc
1375 800 1534 825 crucem

257 852 437 905 'patrata
475 853 582 899 sunt,
621 852 788 889 uirtutis
821 851 1067 889 miraculum
1102 865 1299 890 enarrare.
1362 852 1535 899 Quidam

279 916 329 953 de
343 916 537 954 fratribus
557 917 741 955 eiusdem
755 918 766 937 ‘³
784 917 1128 966 Hagustaldensis
1149 917 1349 965 ecclesiae,
1367 918 1536 955 nomine

279 983 475 1020 Bothelm
489 984 501 1003 ⁷
523 983 593 1032 qui
614 997 725 1020 nunc
745 997 875 1032 usque
895 986 1090 1032 superest,
1110 986 1204 1021 ante.
1223 997 1371 1033 paucos
1391 997 1531 1032 annos,

279 1047 380 1085 dum
400 1048 606 1085 incautius
626 1049 731 1086 forte
756 1050 880 1086 noctu
905 1048 948 1086 in
973 1049 1100 1097 glacie
1126 1048 1342 1093 incederet,
1370 1051 1538 1098 repente

280 1126 482 1150 conruens
495 1113 517 1161 8,
543 1113 759 1151 brachium
781 1113 988 1161 contriuit,
1013 1127 1057 1151 ac
1077 1114 1318 1163 grauissima
1337 1114 1537 1152 fracturae

279 1178 407 1227 ipsius
428 1178 558 1227 coepit
578 1179 765 1216 molestia
786 1178 945 1227 fatigari
963 1193 970 1225 3
1001 1179 1058 1216 ita
1082 1181 1127 1216 ut
1154 1193 1206 1216 ne
1226 1180 1276 1217 ad
1304 1192 1348 1217 os
1369 1180 1535 1228 quidem

278 1244 477 1281 adducere
515 1244 652 1292 ipsum
690 1244 905 1281 brachium
947 1244 1155 1282 ullatenus
1198 1244 1335 1282 dolore
1373 1247 1536 1283 arcente

278 1309 442 1346 ualeret.
506 1309 584 1356 Qui
606 1322 699 1346 cum
720 1309 785 1346 die
806 1309 980 1357 quadam
1008 1322 1129 1346 mane
1153 1310 1311 1347 audiret
1334 1323 1466 1347 unum
1487 1310 1537 1348 de

278 1374 474 1412 fratribus
505 1375 555 1412 ad
589 1375 724 1412 locum
756 1375 941 1412 eiusdem
970 1377 1132 1413 sanctae
1163 1375 1292 1413 crucis
1320 1376 1536 1414 ascendere

277 1439 538 1487 disposuisse,
574 1440 744 1488 rogauit,
780 1443 827 1477 ut
863 1439 1043 1488 aliquam
1075 1440 1153 1477 sibi
1187 1443 1348 1489 partem
1382 1441 1432 1478 de
1464 1441 1536 1478 illo

277 1502 390 1551 ligno
425 1503 652 1541 uenerabili
684 1504 846 1542 rediens
880 1504 1067 1552 adferret,
1107 1505 1269 1542 credere
1300 1518 1343 1542 se
1381 1505 1531 1552 dicens,

278 1568 373 1616 quia
387 1582 459 1618 per
474 1569 561 1615 hoc,
582 1569 760 1607 donante
774 1569 965 1617 Domino,
984 1571 1158 1607 salutem
1174 1572 1310 1618 posset
1326 1570 1531 1619 consequi.

277 1633 389 1671 Fecit
422 1634 505 1682 ille,
544 1636 591 1672 ut
626 1636 791 1683 rogatus
823 1637 894 1682 est,
929 1638 969 1672 et
1005 1648 1192 1672 reuersus
1220 1635 1270 1673 ad
1304 1648 1530 1684 uesperam,

275 1699 513 1736 sedentibus
533 1700 615 1737 iam
635 1700 685 1737 ad
706 1714 893 1738 mensam
920 1701 1125 1743 fratribus,
1150 1701 1301 1739 obtulit
1324 1701 1360 1738 ei
1380 1701 1535 1750 aliquid

275 1765 324 1802 de
344 1765 477 1803 ueteri
496 1779 649 1813 musco,
675 1780 756 1816 quo
777 1767 1010 1815 superficies
1026 1767 1129 1815 ligni
1150 1770 1234 1805 erat
1255 1767 1394 1805 obsita.
1456 1767 1535 1815 Qui

275 1843 369 1867 cum
400 1833 546 1869 sedens
574 1832 623 1869 ad
654 1845 840 1870 mensam
872 1846 955 1870 non
985 1833 1150 1871 haberet
1180 1834 1229 1871 ad
1256 1846 1439 1881 manum,
1463 1833 1535 1871 ubi

276 1896 461 1934 oblatum
496 1897 574 1934 sibi
608 1910 763 1935 munus
795 1900 1019 1947 reponeret,
1054 1898 1169 1936 misit
1207 1899 1283 1936 hoc
1318 1899 1362 1936 in
1396 1899 1535 1937 sinum

275 1961 365 1999 sibi.
428 1963 481 2000 Et
508 1963 607 2000 dum
636 1962 712 2000 iret
739 1963 935 2007 cubitum,
958 1963 1111 2000 oblitus
1138 1964 1214 2000 hoc
1245 1963 1395 2001 alicubi
1421 1964 1537 2012 depo-

276 2039 382 2073 nere,
408 2027 596 2076 permisit
613 2041 685 2065 suo
706 2028 750 2065 in
767 2028 859 2065 sinu
876 2041 1126 2077 permanere.
1175 2030 1234 2066 At
1249 2028 1385 2066 medio
1402 2029 1535 2066 noctis

275 2094 469 2140 tempore,
495 2106 588 2130 cum
610 2093 835 2142 euigilaret,
860 2094 990 2131 sensit
1015 2094 1150 2131 nescio
1177 2094 1275 2143 quid
1296 2094 1436 2143 frigidi
1460 2107 1534 2132 suo

275 2158 391 2195 lateri
410 2158 600 2206 adiacere,
625 2159 870 2208 admotaque
890 2173 1016 2197 manu
1038 2160 1246 2209 requirere
1259 2161 1271 2179 ⁹
1292 2159 1390 2208 quid
1413 2162 1528 2206 esset,

318 2266 327 2282 ¹
352 2270 457 2307 atque
475 2268 648 2306 dedicata,
667 2272 728 2298 add
746 2270 780 2300 C.
799 2268 851 2300 B'2.
869 2269 923 2300 W.
942 2269 982 2299 D.
1002 2268 1056 2299 &a
1201 2267 1213 2284 ²
1237 2269 1469 2299 sacrationem
1487 2270 1532 2300 M.

274 2319 285 2335 2
309 2321 343 2349 et
360 2321 506 2357 cunctis,
523 2323 657 2356 repeated
674 2321 719 2351 M.
853 2320 863 2337 ³
887 2331 917 2351 so
936 2321 971 2351 C.
989 2321 1028 2351 B.
1047 2321 1087 2350 N.
1106 2319 1163 2359 M1,
1185 2323 1237 2350 but
1258 2323 1293 2350 ‘in
1318 2321 1364 2351 M.
1381 2324 1489 2351 marks
1504 2324 1540 2359 os

273 2374 488 2407 transposition
514 2375 587 2402 hare
611 2375 678 2401 been
702 2375 809 2411 added,
829 2374 957 2409 making!
980 2375 1002 2401 it
1024 2372 1139 2402 locum
1157 2372 1330 2402 omnibus.
1420 2372 1431 2389 ⁵
1454 2376 1532 2404 Here

275 2422 313 2454 C2
330 2427 435 2453 markus·
453 2427 496 2453 the
515 2426 677 2461 Deqinw'nq
692 2426 727 2461 of
737 2434 799 2460 (11]).
821 2427 864 2456 li..
882 2435 924 2454 see
948 2428 1012 2454 note
1028 2422 1047 2464 ἦ,
1069 2435 1101 2460 p.
1124 2425 1192 2457 128,
1214 2428 1278 2454 (md
1295 2428 1357 2454 note
1367 2423 1390 2461 ²,
1405 2434 1439 2461 p.
1457 2435 1529 2463 131.

272 2479 332 2506 For
347 2486 409 2505 nec
428 2476 471 2505 M.
490 2477 547 2513 Hx·
568 2479 639 2506 read
656 2486 750 2507 nam.
827 2477 838 2494 ⁶
861 2476 1017 2506 eiusdem
1035 2487 1093 2507 ow.
1112 2476 1156 2505 M.
1174 2477 1231 2513 H„
1301 2475 1310 2491 “¹
1336 2477 1475 2507 bodelm
1488 2477 1530 2507 N.

272 2528 283 2545 3
307 2529 439 2557 corruit
465 2528 510 2558 M.
530 2528 587 2566 ΗΧ·
720 2528 732 2545 ⁹
756 2529 941 2567 requirens
966 2528 1004 2558 Β.
1030 2528 1087 2567 R,;
1119 2528 1243 2559 uolens
1265 2529 1440 2567 requirere
1464 2527 1530 2567 N‘-';

271 2589 298 2610 r.
317 2581 420 2619 cepit.
440 2580 493 2611 DQ
508 2581 566 2618 H2.
584 2579 640 2619 Al.

1559 598 1673 634 f.45b.
