1803 2887
45 742 104 769 His
118 742 206 776 piety

44 782 109 808 and

44 821 181 855 charity.

51 2310 160 2338 L'nion
175 2311 211 2337 of

50 2350 149 2378 Deira
163 2349 230 2376 and

53 2388 214 2417 Bernicia.

273 161 354 200 138
626 158 834 200 Historia
864 158 1168 200 Ecclesiastica
1364 166 1449 206 [Lm.
1465 169 1524 198 111.

269 274 476 323 incognita
506 274 835 324 progenitoribus
864 273 949 311 suis
978 287 1104 323 regna
1132 273 1334 311 caelorum
1368 286 1526 322 sperare

270 338 415 377 didicit.
432 354 440 387 3
470 340 540 377 sed
562 342 601 377 et
616 353 742 389 regna
757 341 956 378 terrarum
977 339 1071 388 plus
1091 352 1214 388 quam
1233 339 1309 376 ulh'
1323 338 1526 376 maiorum

270 418 450 448 suorum,
470 404 520 442 ab
535 405 680 442 eodem
696 418 778 442 uno
792 405 877 443 Deo
891 405 913 453 ¹,
935 404 1006 453 qui
1020 403 1116 441 fecit
1131 404 1289 442 caelum
1305 405 1344 441 et
1360 405 1521 450 terram,

271 471 510 507 consecutus
530 470 602 507 est.
664 469 850 518 Denique
871 482 1013 507 omnes
1032 469 1218 506 nationes
1237 470 1277 505 et
1296 468 1527 517 prouincias

269 534 509 581 Brittaniae,
546 547 648 583 quae
681 534 725 571 in
757 535 853 572 IIII
887 535 1057 583 linguas,
1094 534 1136 571 id
1170 535 1230 571 est
1264 534 1522 581 Brettonum,

270 600 494 647 Pictorum,
531 600 775 648 Scottorum,
811 602 850 637 et
879 600 1123 648 Anglorum,
1159 599 1312 637 diuisae
1341 600 1449 647 sunt,
1482 599 1526 636 in

271 665 429 703 dicione
449 665 612 714 accepit.

326 730 414 777 Quo
446 730 561 780 regni
595 730 775 768 culmine
805 729 1063 777 sublimatus,
1102 729 1385 774 nihilominus,
1421 728 1529 777 quod

270 795 426 832 mirum
471 795 582 833 dictu
622 797 693 840 est,
732 795 980 846 pauperibus
1023 796 1064 832 et
1108 794 1333 843 peregrinis
1371 807 1531 842 semper

271 860 454 907 humilis,
496 861 710 910 benignus,
749 863 789 898 et
828 861 966 909 largus
998 860 1088 898 fuit.
1161 859 1348 908 Denique
1385 859 1526 906 fertur,

271 926 364 975 quia
399 928 583 975 tempore
618 927 805 975 quodam,
842 939 935 963 cum
966 926 1031 963 die
1062 926 1201 962 sancto
1232 925 1404 973 paschae
1435 937 1529 961 cum

270 992 449 1040 praefato
470 991 656 1040 episcopo
683 991 932 1029 consedisset
955 991 1005 1028 ad
1032 990 1261 1039 prandium,
1291 989 1529 1038 positusque

272 1059 375 1094 esset
409 1057 452 1094 in
487 1070 631 1094 mensa
665 1070 799 1094 coram
829 1070 875 1093 eo
910 1055 1043 1093 discus
1078 1057 1294 1104 argenteus
1326 1054 1530 1104 regalibus

273 1122 404 1172 epulis
424 1122 609 1169 refertus,
635 1124 674 1160 et
694 1122 942 1170 iamiamque
955 1119 968 1139 ²
987 1124 1122 1159 essent
1142 1134 1290 1159 manus
1310 1121 1361 1158 ad
1381 1132 1530 1168 panem

272 1188 597 1225 benedicendum
641 1187 819 1234 missuri,
874 1187 1049 1224 intrasse
1101 1186 1236 1224 subito
1288 1185 1530 1223 ministrum

271 1253 410 1302 ipsius,
436 1252 501 1290 cui
517 1252 872 1301 suscipiendorum
893 1251 1065 1300 inopum
1082 1253 1168 1288 erat
1189 1263 1283 1288 cura
1303 1250 1486 1299 delegata
1501 1249 1525 1297 3,

273 1321 312 1356 et
338 1318 539 1356 indicasse
566 1318 660 1367 regi,
687 1317 782 1366 quia
810 1316 1034 1354 multitudo
1061 1329 1286 1365 pauperum
1310 1315 1531 1353 undecum-

273 1398 351 1433 que
375 1383 597 1421 adueniens
623 1382 802 1420 maxima
825 1395 897 1430 per
920 1382 1075 1430 plateas
1100 1382 1268 1428 sederet,
1291 1380 1504 1429 postulans
1518 1381 1530 1399 ⁴

274 1449 429 1498 aliquid
463 1449 716 1498 elimosynae
748 1461 770 1485 a
804 1461 906 1497 rege.
969 1447 1048 1495 Qui
1081 1460 1177 1484 mox
1209 1446 1333 1495 dapes
1366 1445 1533 1483 sibimet

274 1515 478 1564 adpositas
505 1514 655 1553 deferri
681 1513 938 1563 pauperibus,
964 1513 1034 1550 sed
1065 1514 1104 1550 et
1129 1512 1288 1550 discum
1315 1510 1529 1560 confringi,

274 1582 396 1629 atque
430 1580 585 1618 eisdem
619 1579 859 1617 minutatim
891 1578 1022 1617 diuidi
1051 1576 1265 1627 praecepit.
1327 1577 1415 1624 Quo
1444 1576 1534 1614 uiso

275 1646 473 1695 pontifex,
514 1646 584 1695 (1111
615 1645 836 1692 adsidebat,
871 1644 1095 1682 delectatus
1125 1643 1198 1680 tali
1227 1643 1334 1680 facto
1357 1642 1530 1691 pietatis,

276 1711 549 1760 adprehendit
587 1711 797 1749 dexteram
835 1710 934 1758 eius,
971 1712 1011 1747 et
1051 1709 1137 1747 ait:
1183 1708 1443 1757 ‘Numquam
1476 1708 1535 1745 in·

276 1778 526 1814 ueterescat
559 1777 656 1814 haec
691 1776 866 1814 manus.'
924 1775 1041 1824 Quod
1073 1777 1113 1812 et
1146 1774 1204 1812 ita
1240 1774 1355 1811 iuxta
1388 1776 1535 1811 uotum

275 1842 572 1880 benedictionis
599 1843 686 1880 eius
708 1841 909 1891 prouenit.
972 1841 1078 1878 Nam
1105 1854 1199 1878 curn
1224 1839 1436 1877 interfecto
1463 1839 1536 1877 illo

279 1909 325 1946 in
338 1909 350 1927 ⁰
373 1921 523 1957 pugna,
548 1921 699 1945 manus
720 1920 815 1945 cum
836 1905 1001 1944 brachio
1021 1919 1044 1943 a
1064 1907 1196 1943 cetero
1216 1906 1352 1942 essent
1373 1916 1537 1953 corpore

278 1975 454 2011 resectae
469 1974 492 2021 ⁷,
518 1972 700 2022 contigit,
728 1975 775 2010 ut
800 1972 998 2010 hactenus
1020 1971 1277 2019 incorruptae
1299 1970 1530 2019 perdurent.

278 2039 465 2088 Denique
485 2039 530 2076 111
545 2039 645 2076 urbe
661 2038 779 2087 regia,
801 2051 904 2086 quae
920 2051 942 2075 a
958 2037 1099 2086 regina
1114 2036 1322 2085 quondam
1337 2034 1536 2072 uocabulo

278 2105 419 2142 Bebba
439 2105 763 2153 cognominatur,
788 2103 921 2140 loculo
942 2102 1123 2140 inclusae
1143 2103 1335 2150 argenteo
1355 2101 1399 2137 in
1419 2100 1537 2138 eccle-

277 2171 337 2209 sia
361 2170 492 2208 sancti
521 2169 636 2208 Petri
664 2170 892 2217 seruantur,
917 2181 960 2206 ac
992 2167 1116 2216 digno
1145 2181 1167 2204 a
1197 2166 1354 2204 cunctis
1382 2166 1537 2203 honore

278 2237 537 2274 uenerantur.

334 2301 473 2339 Huius
517 2300 719 2339 industria
756 2300 862 2350 regis
901 2298 1129 2337 Derorum²³
1169 2300 1209 2336 et
1253 2296 1538 2335 Ber-niciorum

279 2365 523 2415 prouinciae,
556 2378 658 2414 quae
687 2366 854 2402 eatenus
883 2364 933 2401 ab
959 2363 1140 2400 inuicem
1171 2362 1465 2409 discordabant,
1493 2360 1539 2398 in

325 2485 334 2503 ¹
358 2486 504 2516 domino
522 2485 546 2516 C
565 2496 572 2524 3
596 2486 683 2525 gode
699 2485 779 2517 A.S.
912 2482 926 2503 2
950 2485 1092 2523 iamque
1109 2483 1144 2514 C.
1281 2482 1293 2499 ³
1317 2482 1465 2522 diligata
1481 2481 1539 2521 M3

282 2538 436 2577 deligata
453 2538 504 2567 B1.
524 2536 578 2568 N1.
769 2536 780 2553 4
802 2536 1023 2576 postulantes
1040 2536 1075 2566 C.
1252 2535 1263 2552 ⁵
1286 2536 1414 2565 -raseat
1432 2533 1468 2566 C.
1486 2533 1538 2565 ΒΞ.

282 2589 293 2606 ⁶
316 2591 355 2620 in
372 2601 427 2621 om.
449 2590 494 2620 M.
514 2589 567 2620 N1.
660 2588 672 2606 ⁷
694 2591 867 2620 resecatae
884 2588 920 2620 C.
1005 2588 1016 2606 8
1040 2587 1220 2618 deirorum
1236 2587 1278 2618 N.
