1803 2887
58 505 117 533 His
134 512 260 531 monas-

57 545 101 570 tio.
119 544 195 572 Life.

72 2009 129 2036 His
146 2017 213 2043 pas-

69 2049 153 2075 toral
171 2048 239 2074 Life

284 186 308 224 7
312 187 339 224 4
642 186 847 228 Historia
878 187 1186 229 Ecclesiastieaf
1394 195 1479 237 [Lm.
1497 199 1536 229 ΙΙ.

286 301 519 340 deuotionis
540 303 731 341 exercui‘c.
786 303 1055 341 Nobilitatem
1074 317 1172 341 uero
1194 304 1317 351 illam,
1344 318 1467 353 quam
1488 305 1538 343 ad

284 368 492 405 saeculum
527 367 743 405 uidebatur
776 368 934 409 habere.
969 371 1098 406 totam
1137 369 1186 407 ad
1226 369 1540 407 nanciscendam

285 445 482 481 supernae
529 433 701 482 gloriam
747 433 960 482 dignitatis
999 434 1139 472 diuina
1176 434 1306 483 gratia
1343 435 1542 484 largiente

285 498 496 536 conuertit.
581 498 687 535 Nam
735 501 896 536 mutato
944 501 1110 547 repente
1157 499 1301 537 habitu
1350 499 1541 537 saeculari

284 562 581 600 monasterium
611 563 739 612 petiit,
778 565 821 601 in
857 578 937 613 quo
972 566 1087 602 tanta
1125 564 1385 614 perfectionis
1415 565 1542 614 gratia

285 628 418 676 coepit
446 628 689 675 conuersari,
715 631 770 676 ut,
804 629 908 666 sicut
940 629 1026 678 ipse
1055 631 1195 678 postea
1226 629 1361 667 fiendo
1388 629 1541 667 solebat

285 692 486 740 adtestari,
511 693 650 731 animo
670 693 783 731 illius
804 694 982 731 labentia
1009 696 1153 732 cuncta
1183 695 1472 742 subteressent,
1498 695 1544 732 ut

286 757 408 795 rebus
446 758 649 805 omnibus,
685 772 788 807 quae
825 759 1062 807 uoluuntur,
1102 759 1311 807 emineret,
1350 761 1397 797 ut
1429 759 1544 798 nulla

288 823 368 861 nisi
389 822 575 860 caelestia
595 823 768 872 cogitare
789 824 945 872 soleret,
966 826 1011 862 ut
1032 824 1155 862 etiam
1175 826 1361 862 retentus
1381 837 1546 874 corpore

289 888 375 937 ipsa
404 888 485 926 iam
514 888 646 926 carnis
675 888 849 926 claustra
880 890 1227 938 contemplatione
1265 889 1467 937 transiret,
1501 891 1547 927 ut

289 956 466 991 mortem
488 967 658 1003 quoque,
686 968 787 1004 quae
809 968 913 1004 pene
933 955 1093 993 cunctis
1113 969 1243 1004 poena
1264 956 1334 1003 est,
1356 954 1547 992 uidelicet

290 1021 336 1057 ut
366 1019 597 1068 ingressum
629 1019 749 1067 uitae,
785 1022 824 1057 et
854 1020 1002 1058 laboris
1032 1020 1095 1058 sui
1124 1019 1351 1069 praemium
1381 1021 1547 1058 amaret.

293 1084 428 1123 Haec¹
451 1087 588 1122 autem
618 1085 705 1134 ipse
735 1086 784 1122 de
813 1099 865 1133 se,
891 1099 974 1123 non
998 1086 1228 1134 profectum
1257 1085 1444 1123 iactando
1474 1085 1550 1122 uir-

290 1153 440 1193 tutum,
475 1151 544 1187 sed
580 1150 766 1187 deflendo
800 1151 936 1199 potius
972 1151 1187 1199 defectum,
1214 1164 1337 1200 quem
1370 1149 1448 1188 sibi
1480 1162 1552 1198 per

291 1229 431 1254 curam
462 1216 709 1264 pastoralem
747 1216 966 1254 incurrisse
1005 1216 1232 1265 uidebatur,
1275 1216 1424 1253 referre
1463 1227 1552 1253 con-

292 1283 439 1319 suerat.
540 1280 729 1329 Denique
775 1282 960 1330 tempore
1009 1280 1187 1331 quodam
1235 1282 1399 1329 secreto,
1457 1293 1552 1318 cum

293 1347 464 1385 diacono
500 1359 573 1383 suo
604 1346 727 1384 Petro
757 1346 1017 1395 conloquens,
1053 1347 1302 1384 enumeratis
1334 1345 1464 1383 animi
1490 1345 1554 1383 sui

292 1411 517 1449 uirtutibus
546 1411 698 1459 priscis,
732 1424 828 1449 mox
857 1412 1031 1449 dolendo
1060 1412 1298 1450 subiunxit:
1333 1412 1411 1449 ‘At
1440 1423 1551 1448 nunc

294 1490 342 1515 ex
377 1476 586 1514 occasione
627 1489 746 1514 curae
784 1477 1000 1525 pastoralis
1032 1476 1300 1515 saecularium
1331 1475 1551 1513 hominum

295 1542 460 1591 negotia
497 1541 661 1590 patitur,
705 1543 746 1579 et
783 1544 875 1590 post
906 1544 993 1580 tam
1025 1542 1240 1591 pulchram
1273 1540 1423 1591 quietis
1457 1553 1553 1578 suae

300 1607 477 1656 speciem
514 1607 665 1644 terreni
703 1608 817 1645 actus
855 1607 1023 1656 puluere
1053 1608 1224 1645 fedatur.
1287 1606 1472 1655 Cumque
1511 1617 1554 1642 se

297 1686 369 1722 pro
398 1671 765 1710 condescensione²
786 1673 1014 1710 multorum
1043 1673 1091 1711 ad
1122 1672 1319 1710 exteriora
1348 1670 1549 1720 sparserit,

296 1739 421 1776 etiam
460 1751 555 1775 cum
592 1737 786 1775 interiora
823 1738 988 1787 appetit,
1027 1738 1077 1776 ad
1116 1738 1213 1775 haec
1250 1736 1391 1787 procul
1430 1735 1554 1774 dubio

296 1803 434 1841 minor
454 1802 575 1840 redit.
632 1803 847 1852 Perpendo
869 1803 1016 1852 itaque,
1043 1803 1141 1852 quid
1170 1802 1309 1849 tolero,
1333 1801 1550 1851 perpendo,

297 1868 394 1917 quid
426 1868 571 1915 amisi;
611 1868 791 1918 dumque
825 1869 988 1906 intueor
1019 1868 1134 1916 illud,
1165 1867 1272 1917 quod
1302 1866 1472 1916 perdidi,
1508 1865 1555 1903 fit

297 1935 372 1972 hoc
402 1934 576 1983 grauius,
612 1935 721 1983 quod
750 1935 894 1983 porto.’

353 2001 466 2038 Haec
501 2000 668 2048 quidem
703 2002 870 2038 sanctus
904 2000 968 2037 uir
1008 2013 1057 2037 ex
1094 2012 1268 2049 magnae
1305 1996 1556 2036 humilitatis

298 2065 528 2104 intentione
558 2065 741 2113 dicebat;
772 2066 841 2103 sed
873 2079 949 2103 nos
980 2066 1142 2103 credere
1174 2065 1288 2102 decet
1322 2063 1427 2101 nihil
1461 2075 1556 2100 eum

300 2131 560 2169 monachicae
601 2131 861 2179 perfectionis
903 2130 1130 2179 perdidisse
1170 2128 1402 2167 occasione3
1442 2139 1558 2165 curae

299 2196 525 2246 pastoralis,
549 2196 677 2234 immo
698 2196 898 2245 potiorem
925 2198 1023 2234 tunc
1044 2196 1239 2233 sumsisse
1259 2194 1488 2244 profectum
1509 2192 1558 2230 de

300 2262 437 2300 labore
485 2261 764 2299 conuersionis
810 2261 1047 2308 multorum,
1094 2274 1217 2310 quam
1260 2260 1309 2298 de
1347 2257 1557 2308 propriae⁴

301 2327 507 2376 quondam
552 2327 688 2375 quiete
734 2326 1055 2364 conuersationis
1102 2326 1331 2372 habuerat3
1380 2322 1557 2361 maxime

302 2392 397 2442 quia
417 2394 456 2429 et
469 2392 699 2441 *pontificali
720 2392 887 2430 functus
908 2391 1038 2429 officio
1063 2391 1233 2429 domum
1258 2403 1376 2428 suam
1399 2400 1556 2426 monas-

301 2457 450 2496 terium
473 2457 602 2494 facere
626 2457 812 2505 curauit;
839 2455 844 2509 Ι
870 2458 911 2495 et
936 2457 1035 2494 dum
1060 2457 1193 2506 primo
1224 2456 1273 2493 de
1303 2453 1554 2492 monasterio

347 2555 356 2572 ¹
382 2556 447 2586 hoc
462 2556 497 2586 C.
512 2554 567 2586 ΒΖ.
657 2554 669 2572 ²
692 2555 918 2586 descensione
936 2554 980 2585 M.
999 2554 1059 2592 Hl.
1147 2552 1159 2571 ³
1184 2563 1241 2583 -ne
1258 2563 1315 2583 om.
1333 2551 1392 2583 M1.
1409 2555 1441 2581 at
1456 2554 1513 2582 end
1530 2552 1565 2587 of

303 2619 323 2638 (ι
338 2610 407 2638 line.
508 2607 519 2624 ⁴
544 2607 609 2638 -ria
626 2607 662 2638 C.

1574 1420 1656 1448 Dial.
1675 1421 1693 1448 i.

1575 1460 1659 1488 Prol.

1580 2456 1600 2487 f.
1619 2458 1651 2485 26
1665 2466 1692 2486 a.
