1803 2887
304 160 389 201 378
710 158 761 199 H
765 158 922 201 istoria
951 158 1172 200 Abbatum

305 278 468 314 aeterne
506 275 724 323 felicitatis,
762 275 995 313 serenitatis
1028 277 1070 313 et
1101 274 1214 313 lucis.
1275 274 1563 313 Conueniunt¹

306 342 453 379 fratres
472 341 522 378 ad
542 341 785 388 aecclesiam,
805 339 1017 377 insomnes
1037 339 1289 378 orationibus
1309 342 1349 378 et
1368 339 1564 389 psalmis²

307 406 543 456 transigunt
581 406 747 443 umbras
786 405 944 452 noctis;
992 407 1032 443 et
1078 407 1270 454 paternae
1319 405 1566 443 decessionis

307 472 469 521 pondus
489 471 684 508 continua
713 470 877 508 diuinae
897 470 1030 508 laudis
1057 470 1338 508 modulatione
1366 471 1561 509 solantur.

308 537 394 575 Alii
415 536 648 574 cubiculum
670 536 713 572 in
734 549 814 585 quo
836 549 938 584 eger,
963 536 1101 573 animo
1122 536 1314 573 robustus
1333 536 1565 584 egressum³

308 601 454 639 mortis
484 602 524 638 et
552 601 662 638 uitae
695 601 933 649 expectabat
964 600 1207 649 ingressum,
1242 614 1325 638 non
1360 601 1562 638 deserunt.

311 666 587 715 Euangelium
626 667 711 703 tota
749 667 867 703 nocte
904 679 976 715 pro
1015 666 1166 703 doloris
1203 666 1419 713 leuamine,
1459 666 1567 714 quod

310 734 351 770 et
379 731 470 769 aliis
497 731 687 768 noctibus
711 731 799 769 fieri
828 733 1053 778 consuerat,
1077 744 1100 768 a
1125 731 1361 780 presbytero
1391 731 1567 780 legitur;

308 797 507 835 dominici
554 796 732 846 corporis
776 798 816 834 et
861 796 1074 845 sanguinis
1119 798 1422 834 sacramentum
1467 796 1569 834 hora

309 863 443 901 exitus
471 863 655 900 instante
684 875 757 911 pro
787 862 934 900 uiatico
963 863 1110 909 datur;
1150 864 1190 899 et
1219 862 1277 899 sic
1306 861 1444 899 anima
1469 859 1472 912 l
1499 861 1570 899 illa

311 930 450 967 sancta
498 928 633 976 longis
686 928 941 977 flagellorum
998 928 1181 965 felicium
1233 930 1396 966 excocta
1446 929 1569 976 atque

312 994 542 1032 examinata
580 993 759 1031 flammis
797 993 956 1031 luteum
995 993 1127 1030 carnis
1161 993 1367 1030 fornacem
1406 992 1565 1040 deserit,

313 1063 353 1098 et
386 1072 584 1109 supernae
617 1058 882 1096 beatitudinis
913 1059 1042 1096 libera
1072 1059 1256 1107 peruolat
1293 1059 1343 1095 ad
1382 1057 1566 1106 gloriam.

314 1126 440 1164 Cuius
477 1124 682 1174 aegressui
720 1124 1065 1171 uictoriosissimo,
1099 1137 1231 1173 neque
1270 1124 1319 1161 ab
1358 1123 1574 1160 inmundis

315 1191 530 1240 spiritibus
581 1189 841 1238 aliquatenus
889 1189 1152 1238 impediendo
1204 1188 1270 1226 uel
1317 1188 1569 1236 retardando,

315 1257 441 1294 etiam
461 1255 646 1305 psalmus
672 1255 743 1304 qui
763 1256 855 1292 tum
875 1267 947 1303 pro
968 1268 1013 1292 eo
1034 1254 1262 1302 canebatur,
1287 1253 1574 1291 testimonium

315 1323 394 1360 dat.
456 1322 646 1369 Namque
674 1320 819 1357 fratres
849 1320 899 1357 ad
933 1320 1168 1357 aecclesiam
1205 1318 1407 1368 principio
1444 1320 1577 1355 noctis

316 1389 615 1433 concurrentes,
653 1385 921 1434 psalterium⁴
953 1398 1003 1422 ex
1035 1385 1176 1422 ordine
1211 1385 1487 1431 decantantes,
1525 1383 1575 1420 ad
1630 1424 1633 1425 ⁷

316 1453 613 1502 octogesimum
639 1452 739 1488 tunc
767 1453 807 1488 et
831 1451 1058 1488 secundum
1078 1450 1279 1487 cantando
1306 1450 1576 1498 peruenerant

317 1519 535 1569 psalmum,
571 1517 641 1566 qui
673 1517 796 1554 habet
826 1516 870 1553 in
906 1515 1062 1565 capite:
1108 1516 1241 1552 ‘Deus
1280 1515 1395 1563 quis⁵
1427 1514 1576 1551 similis

317 1586 394 1622 erit
432 1583 566 1622 tibi‘?'
625 1583 751 1621 Cuius
787 1583 900 1619 totus
948 1582 1023 1619 hoc
1070 1582 1233 1618 resonat
1276 1582 1423 1627 textus,
1467 1579 1574 1628 quod

316 1650 474 1687 inimici
507 1649 690 1686 nominis
720 1647 874 1686 Christi
909 1647 995 1685 siue
1028 1647 1209 1684 carnales
1239 1646 1325 1683 siue
1357 1645 1571 1694 spiritales,

318 1728 479 1764 semper
513 1714 747 1751 aecclesiam
778 1713 940 1759 Christi,
974 1725 1134 1761 semper
1162 1711 1343 1749 animam
1373 1722 1578 1759 quamque

318 1780 484 1818 fidelem
505 1779 736 1828 disperdere
756 1791 800 1816 ac
827 1777 1024 1827 dissipare
1051 1779 1276 1824 conentur;
1307 1776 1376 1813 sed
1398 1789 1419 1813 e
1439 1776 1579 1813 contra

320 1845 399 1895 ipsi
429 1845 588 1882 confusi
619 1846 659 1882 et
688 1843 921 1881 conturbati
950 1844 1035 1881 sint
1067 1842 1239 1892 perituri
1276 1842 1320 1879 in
1355 1841 1574 1887 saeculum,

321 1912 545 1949 enei-nante
565 1910 659 1947 illos
679 1909 868 1957 Domino,
894 1909 959 1946 cui
978 1921 1063 1946 non
1091 1910 1151 1945 est
1179 1907 1396 1956 quisquam
1417 1905 1577 1951 similis,

322 1977 394 2026 qui
413 1978 475 2014 est
496 1976 631 2013 s01us⁶
650 1975 877 2013 altissimus
897 1987 1017 2023 super
1047 1987 1212 2012 omnem
1236 1975 1397 2010 terram,
1458 1971 1581 2009 Unde

320 2044 429 2080 recte
458 2042 629 2079 dabatur
662 2040 845 2088 intellegi
880 2039 1048 2077 caelitus
1080 2039 1376 2088 dispensatum,
1411 2038 1457 2074 ut
1486 2035 1581 2074 talis

322 2108 523 2145 diceretur
542 2106 727 2155 psalmus
748 2119 793 2143 ea
812 2106 912 2143 hora
932 2118 1012 2154 qua
1032 2105 1160 2142 exiret
1174 2104 1223 2141 de
1244 2116 1408 2152 corpore
1427 2102 1576 2149 anima,

321 2173 386 2210 cui
406 2173 575 2210 iuuante
597 2171 775 2209 Domino
795 2171 937 2208 nullus
956 2170 1188 2219 praeualere
1215 2170 1351 2218 posset
1371 2167 1575 2206 inimicus.

323 2235 607 2274 Sextodecimo
645 2236 862 2283 postquam
896 2232 1197 2271 monasterium
1231 2230 1422 2268 fundauit
1455 2243 1575 2278 anno,

325 2298 483 2347 quieuit
522 2297 565 2334 in
604 2297 783 2334 Domino
822 2296 1038 2342 confessor,
1072 2294 1229 2343 pridie⁷
1260 2293 1405 2330 iduum
1439 2293 1582 2330 Ianua-

326 2364 491 2411 riarum,
526 2362 740 2412 sepultus⁸
769 2362 813 2398 in
846 2360 1037 2399 aecclesia
1066 2359 1175 2397 beati
1191 2361 1202 2377 ²¹
1233 2358 1405 2408 apostoli
1439 2357 1580 2404 Petri;

371 2471 379 2488 ¹
404 2473 553 2502 -nerunt
572 2472 611 2502 D.
633 2472 670 2501 P.
688 2471 724 2501 C.
741 2471 780 2502 Β.
801 2471 839 2501 F.
958 2470 969 2487 ²
994 2470 1114 2500 salmis
1131 2469 1190 2507 Hk.
1207 2473 1245 2500 Δ.
1365 2467 1376 2484 ³
1400 2477 1472 2498 -sus
1488 2467 1527 2498 D.
1547 2467 1582 2498 P.

329 2525 365 2555 C.
385 2525 424 2555 B.
443 2524 479 2555 F.
615 2523 625 2539 ⁴
649 2525 684 2553 et
702 2523 779 2553 salt.
796 2527 837 2553 Δ.
969 2522 979 2538 ⁵
1002 2522 1064 2561 qui
1081 2521 1138 2559 Hl.
1157 2525 1197 2552 Δ.
1328 2517 1340 2534 ⁶
1364 2519 1458 2550 solus
1474 2522 1527 2550 est
1544 2524 1581 2550 Δ.

328 2575 339 2593 ⁷
364 2576 518 2607 secunda
535 2575 592 2605 die
610 2575 645 2606 F.
662 2575 701 2606 B.
794 2574 805 2590 ⁸
828 2583 896 2613 sep.
913 2575 967 2604 est
984 2577 1024 2604 Δ.
1070 2573 1081 2590 ⁹
1106 2572 1211 2603 baeati
1228 2571 1285 2611 H„

1592 869 1614 897 f.
1633 870 1664 896 16
1678 878 1706 897 a.

1594 1000 1632 1028 cf.
1650 1000 1698 1028 Ps.

1593 1040 1657 1068 lxv.
1677 1049 1713 1068 10.

1599 1523 1648 1551 Ps.
1656 1522 1767 1552 lxxxii.
1783 1498 1784 1548 i

1603 1572 1623 1590 1.

1601 1718 1640 1746 cf.
1658 1717 1743 1746 Hist.
1785 1741 1786 1744 ,

1601 1757 1705 1785 Anon.
1729 1759 1768 1790 18,

1605 1806 1645 1833 19.
