1803 2887
323 169 408 209 314
677 168 729 210 H
730 168 888 210 istoria
917 168 1222 212 Ecclesiastica
1433 177 1518 219 [Lm.
1537 178 1576 211 V.

324 282 455 320 uitam
476 284 659 321 conuerti
679 285 1001 322 ammonebatur.
1059 285 1114 322 Et
1142 285 1331 334 quamuis
1354 298 1420 323 eos
1440 285 1578 323 audire

324 348 534 396 noluisset,
569 349 819 387 tolerabatur
851 352 992 387 tamen
1025 350 1075 388 ab
1114 350 1171 388 eis
1204 349 1495 400 longanimiter
1526 349 1577 387 ob

325 414 609 452 necessitatem
648 428 819 463 operum
857 415 986 464 ipsius
1024 415 1300 463 exteriorum;
1344 417 1428 453 erat
1466 415 1579 452 enim

325 479 462 516 fabrili
508 482 594 517 arte
641 480 871 530 singularis.
951 481 1164 519 Seruiebat
1210 483 1350 519 autem
1397 480 1579 518 multum

324 541 521 590 ebrietati,
546 544 585 579 et
606 543 750 580 ceteris
772 543 880 581 uitae
900 543 1144 581 remissioris
1164 543 1379 581 inlecebris
1399 557 1407 591 ;
1436 542 1580 591 magis-

325 621 404 656 que
438 608 481 645 in
514 608 673 646 officina
707 622 780 646 sua
814 609 879 646 die
910 611 1115 658 noctuque
1148 609 1333 656 residere,
1372 621 1496 657 quam
1529 608 1580 645 ad

325 673 585 721 psallendum
605 676 727 723 atque
750 675 951 712 orandum
978 674 1023 712 in
1048 674 1226 722 ecclesia,
1250 673 1581 722 audiendumque

325 751 419 775 cum
464 739 659 777 fratribus
699 740 873 777 uerbum
916 740 1026 777 uitae
1074 752 1314 777 concurrere
1354 739 1577 776 consuerat.

349 802 352 845 1
380 803 502 841 Unde
532 804 677 841 accidit
706 804 778 851 illi,
803 806 910 854 quod
940 805 1074 842 solent
1103 805 1235 842 dicere
1266 804 1444 853 quidam,
1473 803 1577 853 quia,

326 868 397 917 qui
427 882 512 906 non
541 870 633 907 uult
663 870 851 908 ecclesiae
880 870 1047 908 ianuam
1078 872 1224 920 sponte
1254 869 1496 907 humiliatus
1524 868 1582 906 in-

326 934 451 983 gredi,
485 947 648 973 necesse
686 936 808 973 habet
846 935 891 973 in
929 935 1096 973 ianuam
1135 935 1289 972 inferni
1326 948 1410 972 non
1439 935 1583 983 sponte

327 1000 548 1037 damnatus
569 1000 785 1039 introduci.
861 1002 1086 1039 Percussus
1111 1001 1222 1038 enim
1249 1001 1428 1049 langore,
1461 1000 1583 1048 atque

326 1065 376 1102 ad
423 1067 603 1103 extrema
637 1067 866 1115 perductus,
915 1067 1078 1104 uocauit
1115 1066 1270 1114 fratres,
1318 1067 1358 1104 et
1400 1065 1582 1103 multum

325 1143 489 1168 merens
509 1144 554 1168 ac
574 1131 769 1168 damnato
790 1131 939 1169 similis
958 1131 1089 1180 coepit
1113 1144 1285 1178 narrare,
1311 1131 1404 1180 quia
1425 1130 1583 1168 uideret

328 1196 481 1233 inferos
514 1198 683 1245 apertos,
720 1199 759 1234 et
792 1197 971 1235 Satanan
1002 1195 1259 1234 demersum¹
1290 1196 1334 1234 in
1368 1195 1583 1245 profundis

327 1262 481 1309 tartari,
507 1262 771 1311 Caiphanque
791 1276 885 1300 cum
911 1262 1063 1309 ceteris,
1089 1262 1160 1311 qui
1186 1263 1419 1300 occiderunt
1443 1260 1582 1299 Domi-

328 1340 440 1374 num,
466 1327 581 1364 iuxta
607 1341 702 1365 eum
729 1328 909 1365 flammis
936 1327 1152 1365 ultricibus
1176 1327 1480 1365 contraditum:
1514 1326 1582 1364 ‘in

328 1406 503 1441 quorum
542 1393 720 1441 uicinia,'
758 1393 906 1442 inquit,
955 1393 1060 1430 ‘heu
1104 1393 1254 1431 misero
1299 1393 1404 1430 mihi
1446 1392 1582 1430 locum

328 1458 504 1507 despicio
532 1460 722 1496 aeternae
748 1459 989 1507 perditionis
1016 1472 1102 1497 esse
1133 1457 1445 1508 praepa1·atum.'
1501 1458 1583 1496 Au-

329 1524 488 1561 dientes
525 1524 622 1562 haec
661 1524 808 1562 fratres
848 1527 1069 1573 coeperunt
1107 1525 1326 1574 diligenter
1363 1523 1578 1572 exhortari,

330 1591 375 1626 ut
409 1590 477 1626 uel
511 1591 610 1627 tunc
640 1589 800 1638 positus
833 1591 965 1628 adhuc
995 1591 1040 1627 in
1074 1603 1249 1639 corpore,
1287 1589 1584 1638 paenitentiam

328 1656 485 1692 faceret.
548 1655 839 1704 Respondebat
865 1655 936 1693 ille
966 1656 1210 1705 desperans:
1246 1655 1362 1693 ‘Non
1392 1656 1452 1692 est
1479 1653 1583 1692 mihi

328 1721 450 1758 modo
498 1723 662 1769 tempus
708 1721 837 1759 uitam
886 1721 1084 1769 mutandi,
1136 1735 1229 1759 cum
1279 1721 1363 1770 ipse
1410 1719 1583 1758 uiderim

328 1785 529 1823 iudicium
559 1800 700 1824 meum
730 1787 812 1824 iam
843 1800 930 1825 esse
959 1788 1225 1836 conpletum.9

385 1852 498 1889 Talia
519 1852 670 1900 dicens,
694 1853 783 1890 sine
804 1853 951 1890 uiatico
972 1853 1115 1891 salutis
1132 1853 1244 1900 obiit,
1271 1854 1310 1891 et
1332 1864 1476 1901 corpus
1496 1851 1584 1889 eius

329 1917 371 1955 in
395 1918 555 1955 ultimis
576 1920 637 1956 est
657 1919 896 1956 monasterii
917 1919 1015 1957 locis
1030 1920 1261 1966 humatum,
1286 1932 1419 1968 neque
1438 1917 1585 1966 aliquis

330 1997 403 2032 pro
438 1996 484 2021 eo
521 1984 589 2021 uel
624 1984 771 2021 missas
804 1985 945 2033 facere,
984 1985 1051 2022 uel
1088 1985 1268 2034 psalmos
1307 1986 1479 2031 cantare,
1518 1982 1584 2020 uel

330 2049 469 2086 saltim
499 2062 610 2086 orare
640 2050 935 2098 praesumebat.
997 2051 1030 2089 O
1061 2064 1186 2099 quam
1215 2049 1361 2100 grandi
1390 2047 1585 2087 distantia

330 2115 472 2152 diuisit
501 2115 614 2152 Deus
642 2114 750 2152 inter
779 2115 915 2153 lucem
942 2117 982 2153 et
1011 2116 1224 2154 tenebras!
1282 2116 1436 2153 Beatus
1455 2115 1584 2163 proto-

331 2182 488 2229 martyr
508 2180 743 2228 Stephanus
763 2194 956 2229 passurus
976 2183 1151 2218 mortem
1178 2194 1251 2230 pro
1272 2181 1453 2227 ueritate,
1478 2178 1584 2216 uidit

331 2246 462 2283 caelos
496 2248 669 2295 apertos,
707 2246 813 2284 uidit
849 2246 1020 2295 gloriam
1053 2246 1129 2284 Dei
1163 2248 1203 2284 et
1232 2246 1373 2283 Iesum
1403 2246 1582 2283 stantem

329 2325 352 2349 a
379 2312 534 2349 dextris
561 2311 663 2359 Dei3
693 2313 734 2349 et
760 2312 831 2349 ubi
859 2313 945 2349 erat
972 2312 1136 2350 futurus
1162 2312 1249 2360 ipse
1276 2313 1368 2360 post
1392 2311 1579 2357 mortem,

331 2377 413 2415 ibi2
442 2377 581 2415 0011105
609 2377 763 2415 mentis
791 2380 887 2415 ante
918 2379 1107 2425 mortem,
1146 2391 1225 2426 quo
1259 2376 1403 2414 laetior
1431 2388 1586 2414 occum-

331 2443 455 2491 beret,
486 2443 612 2481 misit.
672 2443 731 2481 At
755 2445 905 2490 contra,
930 2442 1043 2480 faber
1069 2442 1146 2480 iste
1172 2442 1409 2480 tenebrosae
1431 2440 1586 2479 mentis

331 2510 370 2546 et
392 2508 573 2557 aetionis,
599 2508 831 2546 inminente
850 2510 992 2557 morte,
1016 2508 1122 2546 uidit
1137 2509 1275 2557 aperta
1296 2510 1455 2556 tartara,
1479 2506 1585 2544 uidit

759 2601 767 2621 ¹
795 2602 846 2633 di·
864 2601 911 2633 M.
1000 2600 1012 2618 ²
1035 2601 1097 2632 ubi
1114 2601 1160 2632 M.

1606 817 1626 845 f.
1647 827 1689 845 111
1706 817 1751 861 b.¹
1789 838 1790 842 ,

1610 2057 1649 2102 ef.
1667 2057 1748 2085 Gen.
1790 2077 1794 2109 Ι,

1608 2106 1627 2124 1.
1644 2105 1671 2130 4.
1790 2121 1792 2130 χ

1609 2136 1649 2164 ef.
1666 2135 1736 2163 Aet.
1789 2139 1792 2173 f

1608 2175 1661 2203 vii.
1678 2176 1720 2209 56.
