1803 2887
360 154 443 193 352
707 154 918 197 Historia
949 156 1255 199 Ecclesiastica
1474 165 1557 207 [Lm.
1576 167 1614 201 V.

834 305 954 344 CAP.
979 305 1135 344 XXIV.

479 428 698 462 Recapttulatio
714 430 854 458 chronica
867 430 956 458 totius
971 431 1069 465 operis
1080 441 1091 466 ,·
1115 433 1140 459 et
1155 432 1189 459 cle
1200 439 1332 466 persona
1348 434 1487 462 auctoris.

126 529 269 596 10111501110-
412 527 568 565 UERUM
589 541 645 577 ea,
663 542 765 578 quae
780 530 1013 579 temporum
1030 530 1294 568 distinctione
1313 530 1437 569 latius
1457 532 1612 582 digesta

126 577 310 644 sfi'igrlrffimry.
354 594 462 639 sunt,
488 593 537 630 ob
559 594 802 632 memoriam
823 596 1144 634 conseruandam
1158 596 1340 634 breuiter
1355 598 1611 646 recapitulari

350 657 515 706 placuit.

406 726 532 764 Anno
553 726 680 776 igitur
708 730 804 766 ante
830 726 1155 766 incarnationem
1182 727 1430 766 dominicam
1451 742 1610 779 sexage-
1633 737 1652 765 i,
1671 747 1693 765 2.

351 792 456 830 simo
495 793 623 831 Gaius
658 793 791 831 Iulius
822 794 968 832 Caesar
1000 793 1158 842 primus
1188 794 1471 831 Romanorum
1505 795 1610 833 Brit-

352 858 484 896 tanias
499 856 510 877 ¹
530 859 639 896 bello
659 859 850 908 pulsauit,
875 861 916 896 et
943 859 1051 905 uicit,
1076 872 1151 896 nec
1182 860 1322 896 tamen
1350 859 1408 897 ibi
1434 873 1608 910 regnum

351 924 486 972 potuit
507 924 701 963 obtinere.

403 991 531 1028 Anno
560 990 610 1027 ab
640 990 918 1028 incarnatione
948 991 1117 1028 Domini
1146 990 1296 1038 XLVI,
1329 991 1524 1029 Claudius
1553 1004 1608 1029 se·
1631 997 1650 1025 i.
1667 1008 1691 1032 3·

349 1057 508 1094 cundus
540 1057 822 1094 Romanorum
852 1057 1077 1095 Brittanias
1111 1057 1262 1103 adiens,
1296 1056 1521 1105 plurimam
1550 1057 1607 1094 in-

349 1120 461 1158 sulae
481 1123 638 1169 partem
658 1122 702 1159 in
723 1123 976 1161 deditionem
1005 1122 1164 1171 recepit,
1189 1122 1231 1159 et
1250 1121 1425 1159 Orcadas
1444 1135 1606 1171 quoque

350 1185 507 1224 insulas
528 1188 713 1226 Romano
736 1188 883 1226 adiecit
902 1187 1084 1237 imperio.

401 1252 527 1289 Anno
558 1252 850 1291 incarnationis
888 1253 1115 1291 dominicae
1155 1252 1363 1300 CLXVII,
1407 1252 1606 1291 Eleuther
1628 1259 1648 1289 i.
1664 1270 1690 1295 4.

347 1316 521 1354 Romae2
558 1319 719 1366 praesul
757 1319 888 1356 factus
926 1319 1005 1357 XV
1046 1331 1176 1356 annos
1213 1318 1425 1356 ecclesiam
1460 1318 1603 1367 glorio—

344 1382 505 1420 sissime
525 1383 640 1429 rexit,
659 1384 725 1421 cui
744 1384 904 1422 litteras
923 1398 993 1422 rex
1008 1384 1237 1422 Brittaniae
1252 1384 1402 1421 Lucius
1417 1383 1598 1432 mittens,

345 1446 391 1482 ut
412 1445 670 1483 Christianus
691 1446 926 1494 efficeretur,
951 1447 1067 1496 petiit
1088 1449 1128 1484 et
1148 1446 1380 1495 inpetrauit.

398 1511 523 1548 Anno
536 1511 585 1548 ab
598 1511 877 1549 incarnatione
890 1512 1058 1550 Domini
1067 1511 1409 1558 CLXXXVIIII,
1424 1511 1601 1550 Seuerus
1624 1519 1643 1546 i.
1659 1527 1683 1554 5-

342 1575 563 1624 imperator
581 1577 713 1615 factus
733 1577 861 1615 XVII
888 1578 1009 1616 annis
1034 1578 1233 1627 regnauit,
1258 1576 1330 1626 qui
1350 1577 1599 1616 Brittaniam

342 1641 451 1679 uallo
471 1655 494 1679 a
514 1642 618 1679 mari
642 1656 771 1691 usque
792 1643 841 1680 ad
863 1656 974 1681 mare
994 1643 1230 1692 praecinxit.

395 1707 521 1745 Anno
555 1708 851 1756 CCCLXXXI,
889 1708 1093 1746 Maximus
1122 1708 1166 1746 in
1200 1708 1406 1746 Brittania
1439 1711 1597 1747 creatus
1620 1714 1640 1742 i.
1657 1725 1682 1752 9·

340 1771 571 1821 imperator,
609 1774 653 1811 in
686 1774 862 1811 Galliam
896 1775 1069 1821 transiit,
1099 1774 1104 1823 Ι
1130 1775 1171 1812 et
1201 1773 1443 1812 Gratianum
1472 1774 1596 1813 inter·
1620 1780 1640 1809 f.
1661 1782 1708 1809 126
1723 1782 1750 1810 b.
1784 1785 1786 1836 f

340 1836 444 1875 fecit.

393 1904 518 1941 Anno
550 1904 830 1951 CCCCVIIII,
871 1905 1002 1943 Roma
1031 1919 1054 1943 a
1085 1905 1232 1943 Gothis
1265 1906 1402 1953 fracta,
1436 1919 1484 1943 ex
1514 1919 1593 1956 quo
1618 1914 1638 1942 i.
1658 1924 1694 1942 11.

338 1970 522 2017 tempore
543 1970 717 2007 Romani
738 1970 781 2007 in
803 1970 1008 2008 Brittania
1027 1984 1195 2020 regnare
1215 1973 1435 2010 cessarunt.

390 2035 515 2071 Anno
537 2035 803 2083 CCCCXXX,
829 2035 1040 2073 Palladius
1065 2036 1114 2073 ad
1141 2036 1298 2075 Scottos
1318 2037 1361 2074 in
1383 2036 1593 2075 Christum
1616 2048 1637 2076 i.
1657 2058 1692 2082 ῃ.

335 2099 546 2136 credentes
588 2114 611 2138 a
649 2100 878 2138 Caelestino
920 2114 1024 2150 papa
1066 2100 1253 2150 primus3
1291 2102 1471 2139 mittitur
1512 2102 1590 2152 epi-

335 2177 489 2212 scopus.

386 2230 512 2267 Anno
539 2230 896 2271 CCCCXLVIIIL
918 2231 1148 2269 Marcianus
1175 2245 1269 2269 cum
1299 2232 1590 2271 Ualentiniano
1615 2238 1634 2265 i·
1654 2246 1690 2273 15·

333 2294 553 2343 imperium
580 2296 815 2344 suscipiens,
848 2296 935 2334 VII
962 2297 1084 2334 annis
1112 2297 1255 2345 tenuit,
1281 2311 1457 2346 quorum
1486 2300 1586 2336 tem-

330 2373 426 2407 pore
460 2360 589 2410 Angli
618 2374 641 2398 a
671 2361 940 2399 Brettonibus
969 2362 1174 2400 accersiti4
1206 2363 1454 2401 Brittaniam
1485 2364 1587 2402 adie-

329 2437 437 2462 runt.

372 2532 380 2548 ¹
406 2534 517 2565 -niam
536 2535 579 2566 N.
758 2534 770 2552 ²
794 2546 959 2566 romanae
976 2536 1020 2567 M.
1042 2536 1100 2575 H„
1259 2536 1270 2554 ³
1294 2538 1432 2577 primus
1449 2549 1506 2570 om.
1524 2539 1583 2577 H1.

327 2584 337 2601 ⁴
361 2587 502 2616 arcesiti
520 2586 566 2618 M.

1786 1665 1790 1722 ἱ

1785 1729 1788 1771 ἶ
