<?xml version="1.0" encoding="UTF-8"?>
<!DOCTYPE html PUBLIC "-//W3C//DTD XHTML 1.0 Transitional//EN"
    "http://www.w3.org/TR/xhtml1/DTD/xhtml1-transitional.dtd">
<html xmlns="http://www.w3.org/1999/xhtml" xml:lang="en" lang="en">
 <head>
  <title>
</title>
<meta http-equiv="Content-Type" content="text/html;charset=utf-8" />
  <meta name='ocr-system' content='tesseract 3.04.00' />
  <meta name='ocr-capabilities' content='ocr_page ocr_carea ocr_par ocr_line ocrx_word'/>
</head>
<body>
  <div class='ocr_page' id='page_1' title='image "./venerabilisbaeda00bedeuoft_0417.png"; bbox 0 0 1803 2887; ppageno 0'>
   <div class='ocr_carea' id='block_1_1' title="bbox 221 165 1482 221">
    <p class='ocr_par' dir='ltr' id='par_1_1' title="bbox 221 165 1482 221">
     <span class='ocr_line' id='line_1_1' title="bbox 221 165 1482 221; baseline 0.005 -17"><span class='ocrx_word' id='word_1_1' title='bbox 221 174 298 205; x_wconf 61' lang='lat' dir='ltr'>cst.</span> <span class='ocrx_word' id='word_1_2' title='bbox 316 175 378 205; x_wconf 80' lang='lat' dir='ltr'>XII</span> <span class='ocrx_word' id='word_1_3' title='bbox 383 170 407 212; x_wconf 89' lang='lat'>.]</span> <span class='ocrx_word' id='word_1_4' title='bbox 633 165 785 207; x_wconf 71' lang='lat' dir='ltr'>Gentis</span> <span class='ocrx_word' id='word_1_5' title='bbox 813 165 1084 221; x_wconf 69' lang='lat' dir='ltr'>Angylorum.</span> <span class='ocrx_word' id='word_1_6' title='bbox 1399 170 1482 210; x_wconf 79' lang='lat'>227</span> 
     </span>
    </p>
   </div>
   <div class='ocr_carea' id='block_1_2' title="bbox 25 279 1482 1442">
    <p class='ocr_par' dir='ltr' id='par_1_2' title="bbox 219 279 1482 722">
     <span class='ocr_line' id='line_1_2' title="bbox 220 279 1477 331; baseline 0.002 -14"><span class='ocrx_word' id='word_1_7' title='bbox 220 279 471 318; x_wconf 91' lang='lat' dir='ltr'>inuenerunt</span> <span class='ocrx_word' id='word_1_8' title='bbox 492 281 569 318; x_wconf 91' lang='lat' dir='ltr'>hoc</span> <span class='ocrx_word' id='word_1_9' title='bbox 589 280 805 319; x_wconf 85' lang='lat' dir='ltr'>mensura¹</span> <span class='ocrx_word' id='word_1_10' title='bbox 826 281 954 330; x_wconf 85' lang='lat' dir='ltr'>palmi</span> <span class='ocrx_word' id='word_1_11' title='bbox 974 281 1138 329; x_wconf 85' lang='lat' dir='ltr'>longius</span> <span class='ocrx_word' id='word_1_12' title='bbox 1154 294 1241 319; x_wconf 77' lang='lat' dir='ltr'>esse</span> <span class='ocrx_word' id='word_1_13' title='bbox 1258 282 1477 331; x_wconf 83' lang='lat' dir='ltr'>sarcofago.</span> 
     </span>
     <span class='ocr_line' id='line_1_3' title="bbox 221 345 1482 395; baseline 0.002 -13"><span class='ocrx_word' id='word_1_14' title='bbox 221 345 419 383; x_wconf 85' lang='lat' dir='ltr'>Dolantes</span> <span class='ocrx_word' id='word_1_15' title='bbox 432 359 526 395; x_wconf 86' lang='lat' dir='ltr'>ergo</span> <span class='ocrx_word' id='word_1_16' title='bbox 541 346 720 395; x_wconf 80' lang='lat' dir='ltr'>lapidem</span> <span class='ocrx_word' id='word_1_17' title='bbox 732 346 777 383; x_wconf 85' lang='lat' dir='ltr'>in</span> <span class='ocrx_word' id='word_1_18' title='bbox 790 348 992 395; x_wconf 85' lang='lat' dir='ltr'>quantum</span> <span class='ocrx_word' id='word_1_19' title='bbox 1007 347 1212 394; x_wconf 82' lang='lat' dir='ltr'>ualebant,</span> <span class='ocrx_word' id='word_1_20' title='bbox 1232 347 1482 385; x_wconf 85' lang='lat' dir='ltr'>addiderunt</span> 
     </span>
     <span class='ocr_line' id='line_1_4' title="bbox 220 409 1482 461; baseline 0.002 -14"><span class='ocrx_word' id='word_1_21' title='bbox 220 409 471 459; x_wconf 78' lang='lat' dir='ltr'>longitudini</span> <span class='ocrx_word' id='word_1_22' title='bbox 508 411 706 460; x_wconf 76' lang='lat' dir='ltr'>sarcofagi</span> <span class='ocrx_word' id='word_1_23' title='bbox 744 411 861 460; x_wconf 88' lang='lat' dir='ltr'>quasi</span> <span class='ocrx_word' id='word_1_24' title='bbox 899 412 1075 449; x_wconf 84' lang='lat' dir='ltr'>duorum</span> <span class='ocrx_word' id='word_1_25' title='bbox 1113 425 1351 449; x_wconf 87' lang='lat' dir='ltr'>mensuram</span> <span class='ocrx_word' id='word_1_26' title='bbox 1384 412 1482 461; x_wconf 88' lang='lat' dir='ltr'>digi-</span> 
     </span>
     <span class='ocr_line' id='line_1_5' title="bbox 220 476 1482 526; baseline 0.001 -13"><span class='ocrx_word' id='word_1_27' title='bbox 220 478 369 514; x_wconf 86' lang='lat' dir='ltr'>torum.</span> <span class='ocrx_word' id='word_1_28' title='bbox 431 477 510 514; x_wconf 85' lang='lat' dir='ltr'>Sed</span> <span class='ocrx_word' id='word_1_29' title='bbox 540 490 616 514; x_wconf 89' lang='lat' dir='ltr'>nec</span> <span class='ocrx_word' id='word_1_30' title='bbox 646 476 703 514; x_wconf 91' lang='lat' dir='ltr'>sic</span> <span class='ocrx_word' id='word_1_31' title='bbox 734 477 899 526; x_wconf 88' lang='lat' dir='ltr'>quidem</span> <span class='ocrx_word' id='word_1_32' title='bbox 925 490 1072 526; x_wconf 85' lang='lat' dir='ltr'>corpus</span> <span class='ocrx_word' id='word_1_33' title='bbox 1101 477 1295 526; x_wconf 82' lang='lat' dir='ltr'>capiebat.</span> <span class='ocrx_word' id='word_1_34' title='bbox 1358 477 1482 515; x_wconf 85' lang='lat' dir='ltr'>Unde</span> 
     </span>
     <span class='ocr_line' id='line_1_6' title="bbox 220 540 1480 591; baseline 0.002 -13"><span class='ocrx_word' id='word_1_35' title='bbox 220 540 326 578; x_wconf 82' lang='lat' dir='ltr'>facta</span> <span class='ocrx_word' id='word_1_36' title='bbox 373 541 615 580; x_wconf 87' lang='lat' dir='ltr'>difficultate</span> <span class='ocrx_word' id='word_1_37' title='bbox 656 542 905 589; x_wconf 78' lang='lat' dir='ltr'>tumulandi,</span> <span class='ocrx_word' id='word_1_38' title='bbox 957 543 1192 591; x_wconf 69' lang='lat' dir='ltr'>cogitabant</span> <span class='ocrx_word' id='word_1_39' title='bbox 1239 544 1310 580; x_wconf 83' lang='lat' dir='ltr'>aut</span> <span class='ocrx_word' id='word_1_40' title='bbox 1366 543 1480 580; x_wconf 83' lang='lat' dir='ltr'>aliud</span> 
     </span>
     <span class='ocr_line' id='line_1_7' title="bbox 220 607 1478 657; baseline 0.002 -14"><span class='ocrx_word' id='word_1_41' title='bbox 220 619 410 655; x_wconf 86' lang='lat' dir='ltr'>quaerere</span> <span class='ocrx_word' id='word_1_42' title='bbox 441 607 634 655; x_wconf 78' lang='lat' dir='ltr'>loculum,</span> <span class='ocrx_word' id='word_1_43' title='bbox 674 609 744 646; x_wconf 83' lang='lat' dir='ltr'>aut</span> <span class='ocrx_word' id='word_1_44' title='bbox 771 607 909 656; x_wconf 87' lang='lat' dir='ltr'>ipsum</span> <span class='ocrx_word' id='word_1_45' title='bbox 947 621 1102 656; x_wconf 84' lang='lat' dir='ltr'>corpus,</span> <span class='ocrx_word' id='word_1_46' title='bbox 1141 607 1176 645; x_wconf 91' lang='lat' dir='ltr'>si</span> <span class='ocrx_word' id='word_1_47' title='bbox 1214 610 1394 657; x_wconf 87' lang='lat' dir='ltr'>possent,</span> <span class='ocrx_word' id='word_1_48' title='bbox 1433 608 1478 646; x_wconf 90' lang='lat' dir='ltr'>in</span> 
     </span>
     <span class='ocr_line' id='line_1_8' title="bbox 219 672 1480 722; baseline 0.003 -14"><span class='ocrx_word' id='word_1_49' title='bbox 219 672 394 720; x_wconf 80' lang='lat' dir='ltr'>genibus</span> <span class='ocrx_word' id='word_1_50' title='bbox 431 672 679 711; x_wconf 87' lang='lat' dir='ltr'>inflectendo</span> <span class='ocrx_word' id='word_1_51' title='bbox 717 673 914 720; x_wconf 81' lang='lat' dir='ltr'>breuiare,</span> <span class='ocrx_word' id='word_1_52' title='bbox 951 673 1078 710; x_wconf 82' lang='lat' dir='ltr'>donec</span> <span class='ocrx_word' id='word_1_53' title='bbox 1118 673 1207 722; x_wconf 92' lang='lat' dir='ltr'>ipso</span> <span class='ocrx_word' id='word_1_54' title='bbox 1246 673 1382 711; x_wconf 91' lang='lat' dir='ltr'>loculo</span> <span class='ocrx_word' id='word_1_55' title='bbox 1422 687 1480 712; x_wconf 82' lang='lat' dir='ltr'>ca-</span> 
     </span>
    </p>

    <p class='ocr_par' dir='ltr' id='par_1_3' title="bbox 25 738 1481 1442">
     <span class='ocr_line' id='line_1_9' title="bbox 25 738 1481 787; baseline 0.001 -12"><span class='ocrx_word' id='word_1_56' title='bbox 25 755 139 783; x_wconf 72' lang='lat' dir='ltr'>1180a.</span> <span class='ocrx_word' id='word_1_57' title='bbox 219 739 394 786; x_wconf 86' lang='lat' dir='ltr'>peretur.</span> <span class='ocrx_word' id='word_1_58' title='bbox 425 739 429 787; x_wconf 89' lang='grc'>1</span> <span class='ocrx_word' id='word_1_59' title='bbox 456 738 536 776; x_wconf 82' lang='lat' dir='ltr'>Sed</span> <span class='ocrx_word' id='word_1_60' title='bbox 566 738 670 785; x_wconf 73' lang='lat' dir='ltr'>mira</span> <span class='ocrx_word' id='word_1_61' title='bbox 698 752 763 776; x_wconf 89' lang='lat' dir='ltr'>res</span> <span class='ocrx_word' id='word_1_62' title='bbox 793 740 832 776; x_wconf 92' lang='lat' dir='ltr'>et</span> <span class='ocrx_word' id='word_1_63' title='bbox 863 752 948 776; x_wconf 90' lang='lat' dir='ltr'>non</span> <span class='ocrx_word' id='word_1_64' title='bbox 978 738 1056 776; x_wconf 88' lang='lat' dir='ltr'>nisi</span> <span class='ocrx_word' id='word_1_65' title='bbox 1087 738 1258 776; x_wconf 79' lang='lat' dir='ltr'>caelitus</span> <span class='ocrx_word' id='word_1_66' title='bbox 1287 739 1402 787; x_wconf 80' lang='lat' dir='ltr'>facta,</span> <span class='ocrx_word' id='word_1_67' title='bbox 1428 752 1481 777; x_wconf 91' lang='lat' dir='ltr'>ne</span> 
     </span>
     <span class='ocr_line' id='line_1_10' title="bbox 220 803 1479 853; baseline 0.001 -12"><span class='ocrx_word' id='word_1_68' title='bbox 220 803 375 852; x_wconf 86' lang='lat' dir='ltr'>aliquid</span> <span class='ocrx_word' id='word_1_69' title='bbox 406 803 557 841; x_wconf 88' lang='lat' dir='ltr'>horum</span> <span class='ocrx_word' id='word_1_70' title='bbox 586 803 676 841; x_wconf 88' lang='lat' dir='ltr'>fieri</span> <span class='ocrx_word' id='word_1_71' title='bbox 711 803 885 851; x_wconf 75' lang='lat' dir='ltr'>deberet,</span> <span class='ocrx_word' id='word_1_72' title='bbox 921 804 1144 853; x_wconf 82' lang='lat' dir='ltr'>prohibuit.</span> <span class='ocrx_word' id='word_1_73' title='bbox 1207 804 1314 842; x_wconf 86' lang='lat' dir='ltr'>Nam</span> <span class='ocrx_word' id='word_1_74' title='bbox 1343 804 1479 842; x_wconf 89' lang='lat' dir='ltr'>subito</span> 
     </span>
     <span class='ocr_line' id='line_1_11' title="bbox 218 869 1480 918; baseline 0.001 -12"><span class='ocrx_word' id='word_1_75' title='bbox 218 869 407 907; x_wconf 77' lang='lat' dir='ltr'>adstante</span> <span class='ocrx_word' id='word_1_76' title='bbox 440 869 638 918; x_wconf 81' lang='lat' dir='ltr'>episcopo,</span> <span class='ocrx_word' id='word_1_77' title='bbox 674 871 714 907; x_wconf 90' lang='lat' dir='ltr'>et</span> <span class='ocrx_word' id='word_1_78' title='bbox 744 869 830 906; x_wconf 88' lang='lat' dir='ltr'>filio</span> <span class='ocrx_word' id='word_1_79' title='bbox 860 869 966 918; x_wconf 89' lang='lat' dir='ltr'>regis</span> <span class='ocrx_word' id='word_1_80' title='bbox 995 869 1179 907; x_wconf 87' lang='lat' dir='ltr'>eiusdem</span> <span class='ocrx_word' id='word_1_81' title='bbox 1213 883 1257 907; x_wconf 87' lang='lat' dir='ltr'>ac</span> <span class='ocrx_word' id='word_1_82' title='bbox 1287 870 1480 908; x_wconf 89' lang='lat' dir='ltr'>monachi</span> 
     </span>
     <span class='ocr_line' id='line_1_12' title="bbox 220 934 1475 985; baseline 0 -13"><span class='ocrx_word' id='word_1_83' title='bbox 220 934 429 983; x_wconf 74' lang='lat' dir='ltr'>sighardo,</span> <span class='ocrx_word' id='word_1_84' title='bbox 458 934 529 983; x_wconf 91' lang='lat' dir='ltr'>qui</span> <span class='ocrx_word' id='word_1_85' title='bbox 547 936 640 984; x_wconf 86' lang='lat' dir='ltr'>post</span> <span class='ocrx_word' id='word_1_86' title='bbox 659 934 779 972; x_wconf 86' lang='lat' dir='ltr'>illum</span> <span class='ocrx_word' id='word_1_87' title='bbox 799 948 893 972; x_wconf 90' lang='lat' dir='ltr'>cum</span> <span class='ocrx_word' id='word_1_88' title='bbox 913 935 1037 972; x_wconf 84' lang='lat' dir='ltr'>fratre</span> <span class='ocrx_word' id='word_1_89' title='bbox 1059 935 1256 973; x_wconf 83' lang='lat' dir='ltr'>Suefredo</span> <span class='ocrx_word' id='word_1_90' title='bbox 1275 935 1475 985; x_wconf 83' lang='lat' dir='ltr'>regnauit,</span> 
     </span>
     <span class='ocr_line' id='line_1_13' title="bbox 219 999 1481 1047; baseline 0.002 -10"><span class='ocrx_word' id='word_1_91' title='bbox 219 1001 260 1037; x_wconf 93' lang='lat' dir='ltr'>et</span> <span class='ocrx_word' id='word_1_92' title='bbox 292 1000 413 1037; x_wconf 79' lang='lat' dir='ltr'>turba</span> <span class='ocrx_word' id='word_1_93' title='bbox 443 999 663 1037; x_wconf 87' lang='lat' dir='ltr'>hominum</span> <span class='ocrx_word' id='word_1_94' title='bbox 694 1013 779 1038; x_wconf 91' lang='lat' dir='ltr'>non</span> <span class='ocrx_word' id='word_1_95' title='bbox 810 1000 978 1047; x_wconf 70' lang='lat' dir='ltr'>modica,</span> <span class='ocrx_word' id='word_1_96' title='bbox 1013 1000 1235 1038; x_wconf 87' lang='lat' dir='ltr'>inuentum</span> <span class='ocrx_word' id='word_1_97' title='bbox 1264 1003 1325 1038; x_wconf 89' lang='lat' dir='ltr'>est</span> <span class='ocrx_word' id='word_1_98' title='bbox 1356 1014 1481 1039; x_wconf 86' lang='lat' dir='ltr'>sarco-</span> 
     </span>
     <span class='ocr_line' id='line_1_14' title="bbox 219 1064 1480 1115; baseline 0.001 -13"><span class='ocrx_word' id='word_1_99' title='bbox 219 1064 361 1114; x_wconf 86' lang='lat' dir='ltr'>fagum</span> <span class='ocrx_word' id='word_1_100' title='bbox 408 1065 512 1102; x_wconf 91' lang='lat' dir='ltr'>illud</span> <span class='ocrx_word' id='word_1_101' title='bbox 559 1078 761 1114; x_wconf 76' lang='lat' dir='ltr'>congruae</span> <span class='ocrx_word' id='word_1_102' title='bbox 811 1065 1084 1115; x_wconf 80' lang='lat' dir='ltr'>longitudinis</span> <span class='ocrx_word' id='word_1_103' title='bbox 1131 1066 1181 1103; x_wconf 85' lang='lat' dir='ltr'>ad</span> <span class='ocrx_word' id='word_1_104' title='bbox 1239 1079 1480 1103; x_wconf 84' lang='lat' dir='ltr'>mensuram</span> 
     </span>
     <span class='ocr_line' id='line_1_15' title="bbox 219 1129 1481 1180; baseline 0.001 -13"><span class='ocrx_word' id='word_1_105' title='bbox 219 1130 406 1179; x_wconf 86' lang='lat' dir='ltr'>corporis,</span> <span class='ocrx_word' id='word_1_106' title='bbox 431 1131 529 1168; x_wconf 88' lang='lat' dir='ltr'>adeo</span> <span class='ocrx_word' id='word_1_107' title='bbox 548 1132 593 1168; x_wconf 88' lang='lat' dir='ltr'>ut</span> <span class='ocrx_word' id='word_1_108' title='bbox 614 1144 637 1169; x_wconf 85' lang='lat' dir='ltr'>a</span> <span class='ocrx_word' id='word_1_109' title='bbox 662 1133 778 1179; x_wconf 84' lang='lat' dir='ltr'>parte</span> <span class='ocrx_word' id='word_1_110' title='bbox 804 1132 947 1180; x_wconf 86' lang='lat' dir='ltr'>capitis</span> <span class='ocrx_word' id='word_1_111' title='bbox 974 1131 1100 1169; x_wconf 87' lang='lat' dir='ltr'>etiam</span> <span class='ocrx_word' id='word_1_112' title='bbox 1121 1131 1294 1169; x_wconf 80' lang='lat' dir='ltr'>ceruical</span> <span class='ocrx_word' id='word_1_113' title='bbox 1314 1132 1452 1180; x_wconf 91' lang='lat' dir='ltr'>posset</span> <span class='ocrx_word' id='word_1_114' title='bbox 1468 1129 1481 1149; x_wconf 73' lang='lat'>²</span> 
     </span>
     <span class='ocr_line' id='line_1_16' title="bbox 219 1196 1481 1246; baseline 0 -12"><span class='ocrx_word' id='word_1_115' title='bbox 219 1196 452 1245; x_wconf 82' lang='lat' dir='ltr'>interponi3</span> <span class='ocrx_word' id='word_1_116' title='bbox 488 1209 510 1234; x_wconf 83' lang='lat' dir='ltr'>a</span> <span class='ocrx_word' id='word_1_117' title='bbox 547 1199 663 1245; x_wconf 85' lang='lat' dir='ltr'>parte</span> <span class='ocrx_word' id='word_1_118' title='bbox 700 1210 798 1234; x_wconf 88' lang='lat' dir='ltr'>uero</span> <span class='ocrx_word' id='word_1_119' title='bbox 836 1197 989 1245; x_wconf 86' lang='lat' dir='ltr'>pedum</span> <span class='ocrx_word' id='word_1_120' title='bbox 1027 1210 1220 1234; x_wconf 85' lang='lat' dir='ltr'>mensura</span> <span class='ocrx_word' id='word_1_121' title='bbox 1254 1197 1351 1234; x_wconf 81' lang='lat'>1111</span> <span class='ocrx_word' id='word_1_122' title='bbox 1384 1196 1481 1246; x_wconf 88' lang='lat' dir='ltr'>digi-</span> 
     </span>
     <span class='ocr_line' id='line_1_17' title="bbox 218 1261 1481 1311; baseline 0 -11"><span class='ocrx_word' id='word_1_123' title='bbox 218 1263 356 1300; x_wconf 84' lang='lat' dir='ltr'>torum</span> <span class='ocrx_word' id='word_1_124' title='bbox 390 1261 433 1299; x_wconf 88' lang='lat' dir='ltr'>in</span> <span class='ocrx_word' id='word_1_125' title='bbox 468 1262 673 1311; x_wconf 88' lang='lat' dir='ltr'>sarcofago</span> <span class='ocrx_word' id='word_1_126' title='bbox 713 1275 861 1311; x_wconf 84' lang='lat' dir='ltr'>corpus</span> <span class='ocrx_word' id='word_1_127' title='bbox 895 1262 1115 1300; x_wconf 72' lang='lat' dir='ltr'>excederet.</span> <span class='ocrx_word' id='word_1_128' title='bbox 1178 1263 1379 1300; x_wconf 87' lang='lat' dir='ltr'>Conditus</span> <span class='ocrx_word' id='word_1_129' title='bbox 1419 1263 1481 1300; x_wconf 85' lang='lat' dir='ltr'>est</span> 
     </span>
     <span class='ocr_line' id='line_1_18' title="bbox 219 1327 1481 1377; baseline 0.001 -13"><span class='ocrx_word' id='word_1_130' title='bbox 219 1329 357 1364; x_wconf 81' lang='lat' dir='ltr'>autem</span> <span class='ocrx_word' id='word_1_131' title='bbox 378 1327 422 1364; x_wconf 85' lang='lat' dir='ltr'>in</span> <span class='ocrx_word' id='word_1_132' title='bbox 442 1327 609 1365; x_wconf 86' lang='lat' dir='ltr'>ecclesia</span> <span class='ocrx_word' id='word_1_133' title='bbox 630 1327 739 1365; x_wconf 85' lang='lat' dir='ltr'>beati</span> <span class='ocrx_word' id='word_1_134' title='bbox 759 1327 934 1365; x_wconf 85' lang='lat' dir='ltr'>doctoris</span> <span class='ocrx_word' id='word_1_135' title='bbox 954 1328 1156 1377; x_wconf 86' lang='lat' dir='ltr'>gentium,</span> <span class='ocrx_word' id='word_1_136' title='bbox 1177 1328 1292 1366; x_wconf 81' lang='lat' dir='ltr'>cuius</span> <span class='ocrx_word' id='word_1_137' title='bbox 1314 1328 1481 1366; x_wconf 86' lang='lat' dir='ltr'>edoctus</span> 
     </span>
     <span class='ocr_line' id='line_1_19' title="bbox 220 1392 1006 1442; baseline 0 -12"><span class='ocrx_word' id='word_1_138' title='bbox 220 1392 391 1431; x_wconf 84' lang='lat' dir='ltr'>monitis</span> <span class='ocrx_word' id='word_1_139' title='bbox 411 1392 599 1431; x_wconf 86' lang='lat' dir='ltr'>caelestia</span> <span class='ocrx_word' id='word_1_140' title='bbox 619 1406 779 1442; x_wconf 85' lang='lat' dir='ltr'>sperare</span> <span class='ocrx_word' id='word_1_141' title='bbox 800 1393 1006 1432; x_wconf 77' lang='lat' dir='ltr'>didicerat.</span> 
     </span>
    </p>
   </div>
   <div class='ocr_carea' id='block_1_3' title="bbox 726 1591 968 1630">
    <p class='ocr_par' dir='ltr' id='par_1_4' title="bbox 726 1591 968 1630">
     <span class='ocr_line' id='line_1_20' title="bbox 726 1591 968 1630; baseline 0 -1"><span class='ocrx_word' id='word_1_142' title='bbox 726 1591 846 1630; x_wconf 82' lang='lat' dir='ltr'>CAP.</span> <span class='ocrx_word' id='word_1_143' title='bbox 868 1591 968 1630; x_wconf 87' lang='lat' dir='ltr'>XII.</span> 
     </span>
    </p>
   </div>
   <div class='ocr_carea' id='block_1_4' title="bbox 222 1691 1483 1832">
    <p class='ocr_par' dir='ltr' id='par_1_5' title="bbox 222 1691 1483 1832">
     <span class='ocr_line' id='line_1_21' title="bbox 222 1691 1483 1728; baseline 0.001 -8"><span class='ocrx_word' id='word_1_144' title='bbox 222 1691 258 1720; x_wconf 78' lang='lat' dir='ltr'>Ut</span> <span class='ocrx_word' id='word_1_145' title='bbox 267 1691 469 1726; x_wconf 70' lang='lat' dir='ltr'>episcopatum</span> <span class='ocrx_word' id='word_1_146' title='bbox 482 1692 716 1719; x_wconf 68' lang='lat' dir='ltr'>Occz&#39;clerctalium</span> <span class='ocrx_word' id='word_1_147' title='bbox 727 1692 887 1720; x_wconf 74' lang='lat' dir='ltr'>Saxonum</span> <span class='ocrx_word' id='word_1_148' title='bbox 899 1701 955 1727; x_wconf 79' lang='lat' dir='ltr'>pro</span> <span class='ocrx_word' id='word_1_149' title='bbox 965 1692 1119 1720; x_wconf 67' lang='lat' dir='ltr'>Leutherio</span> <span class='ocrx_word' id='word_1_150' title='bbox 1131 1692 1264 1724; x_wconf 71' lang='lat' dir='ltr'>Haerldi.</span> <span class='ocrx_word' id='word_1_151' title='bbox 1280 1693 1483 1728; x_wconf 70' lang='lat' dir='ltr'>episcopatum</span> 
     </span>
     <span class='ocr_line' id='line_1_22' title="bbox 271 1742 1425 1781; baseline 0.002 -10"><span class='ocrx_word' id='word_1_152' title='bbox 271 1743 431 1778; x_wconf 71' lang='lat' dir='ltr'>Hrofensis</span> <span class='ocrx_word' id='word_1_153' title='bbox 452 1744 585 1772; x_wconf 69' lang='lat' dir='ltr'>ecclesiae</span> <span class='ocrx_word' id='word_1_154' title='bbox 602 1753 659 1779; x_wconf 77' lang='lat' dir='ltr'>pro</span> <span class='ocrx_word' id='word_1_155' title='bbox 673 1742 683 1758; x_wconf 71' lang='lat'>³</span> <span class='ocrx_word' id='word_1_156' title='bbox 706 1742 818 1772; x_wconf 63' lang='lat' dir='ltr'>Patra*</span> <span class='ocrx_word' id='word_1_157' title='bbox 842 1745 992 1772; x_wconf 71' lang='lat' dir='ltr'>Cuz‘chelm</span> <span class='ocrx_word' id='word_1_158' title='bbox 1005 1742 1025 1781; x_wconf 72' lang='lat'>5,</span> <span class='ocrx_word' id='word_1_159' title='bbox 1045 1746 1070 1772; x_wconf 73' lang='lat' dir='ltr'>et</span> <span class='ocrx_word' id='word_1_160' title='bbox 1087 1754 1144 1780; x_wconf 74' lang='lat' dir='ltr'>pro</span> <span class='ocrx_word' id='word_1_161' title='bbox 1161 1745 1222 1780; x_wconf 75' lang='lat' dir='ltr'>ipso</span> <span class='ocrx_word' id='word_1_162' title='bbox 1249 1742 1425 1780; x_wconf 70' lang='lat' dir='ltr'>Gesmmzcl⁶</span> 
     </span>
     <span class='ocr_line' id='line_1_23' title="bbox 349 1796 1350 1832; baseline 0.002 -9"><span class='ocrx_word' id='word_1_163' title='bbox 349 1796 490 1830; x_wconf 67' lang='lat' dir='ltr'>acceperit</span> <span class='ocrx_word' id='word_1_164' title='bbox 501 1806 513 1831; x_wconf 79' lang='lat'><em>;</em></span> <span class='ocrx_word' id='word_1_165' title='bbox 536 1797 563 1824; x_wconf 71' lang='lat' dir='ltr'>et</span> <span class='ocrx_word' id='word_1_166' title='bbox 577 1796 630 1831; x_wconf 72' lang='lat' dir='ltr'>qui</span> <span class='ocrx_word' id='word_1_167' title='bbox 646 1798 718 1824; x_wconf 67' lang='lat' dir='ltr'>tunc</span> <span class='ocrx_word' id='word_1_168' title='bbox 733 1797 1060 1831; x_wconf 70' lang='lat' dir='ltr'>Xorclcmhymbrorum</span> <span class='ocrx_word' id='word_1_169' title='bbox 1070 1797 1194 1832; x_wconf 71' lang='lat' dir='ltr'>fuerim</span> <span class='ocrx_word' id='word_1_170' title='bbox 1209 1798 1350 1832; x_wconf 73' lang='lat' dir='ltr'>episcopi.</span> 
     </span>
    </p>
   </div>
   <div class='ocr_carea' id='block_1_5' title="bbox 218 1882 1689 2390">
    <p class='ocr_par' dir='ltr' id='par_1_6' title="bbox 218 1882 1689 2390">
     <span class='ocr_line' id='line_1_24' title="bbox 273 1882 1689 1931; baseline 0.003 -11"><span class='ocrx_word' id='word_1_171' title='bbox 273 1882 475 1930; x_wconf 78' lang='lat' dir='ltr'>QUARTUS</span> <span class='ocrx_word' id='word_1_172' title='bbox 510 1883 836 1922; x_wconf 84' lang='lat' dir='ltr'>Occidentalium</span> <span class='ocrx_word' id='word_1_173' title='bbox 867 1884 1077 1921; x_wconf 80' lang='lat' dir='ltr'>Saxonum</span> <span class='ocrx_word' id='word_1_174' title='bbox 1106 1884 1278 1922; x_wconf 72' lang='lat' dir='ltr'>antistes</span> <span class='ocrx_word' id='word_1_175' title='bbox 1307 1884 1481 1922; x_wconf 88' lang='lat' dir='ltr'>Leuthe-</span> <span class='ocrx_word' id='word_1_176' title='bbox 1504 1896 1642 1931; x_wconf 77' lang='lat' dir='ltr'>Bishops</span> <span class='ocrx_word' id='word_1_177' title='bbox 1657 1896 1689 1924; x_wconf 76' lang='lat' dir='ltr'>of</span> 
     </span>
     <span class='ocr_line' id='line_1_25' title="bbox 218 1936 1670 2004; baseline 0.001 -18"><span class='ocrx_word' id='word_1_178' title='bbox 218 1948 304 1986; x_wconf 87' lang='lat' dir='ltr'>rius</span> <span class='ocrx_word' id='word_1_179' title='bbox 318 1948 408 1987; x_wconf 84' lang='lat' dir='ltr'>fuit.</span> <span class='ocrx_word' id='word_1_180' title='bbox 445 1949 658 1998; x_wconf 82' lang='lat' dir='ltr'>Siquidem</span> <span class='ocrx_word' id='word_1_181' title='bbox 677 1948 836 1997; x_wconf 71' lang='lat' dir='ltr'>prmius</span> <span class='ocrx_word' id='word_1_182' title='bbox 852 1949 1033 1997; x_wconf 78' lang='lat' dir='ltr'>Birinus,</span> <span class='ocrx_word' id='word_1_183' title='bbox 1051 1950 1255 1987; x_wconf 87' lang='lat' dir='ltr'>secundus</span> <span class='ocrx_word' id='word_1_184' title='bbox 1272 1950 1481 1999; x_wconf 85' lang='lat' dir='ltr'>Agilberc·</span> <span class='ocrx_word' id='word_1_185' title='bbox 1503 1936 1670 2004; x_wconf 44' lang='grc' dir='ltr'>ἒξὲξπ</span> 
     </span>
     <span class='ocr_line' id='line_1_26' title="bbox 219 2014 1481 2063; baseline 0.001 -11"><span class='ocrx_word' id='word_1_186' title='bbox 219 2014 314 2061; x_wconf 77' lang='lat' dir='ltr'>tus⁷‚</span> <span class='ocrx_word' id='word_1_187' title='bbox 332 2014 478 2052; x_wconf 88' lang='lat' dir='ltr'>tertius</span> <span class='ocrx_word' id='word_1_188' title='bbox 491 2014 651 2052; x_wconf 78' lang='lat' dir='ltr'>exstitit</span> <span class='ocrx_word' id='word_1_189' title='bbox 667 2014 768 2053; x_wconf 92' lang='lat' dir='ltr'>Uini</span> <span class='ocrx_word' id='word_1_190' title='bbox 781 2014 804 2053; x_wconf 70' lang='lat'>8.</span> <span class='ocrx_word' id='word_1_191' title='bbox 839 2014 1026 2063; x_wconf 87' lang='lat' dir='ltr'>Cumque</span> <span class='ocrx_word' id='word_1_192' title='bbox 1038 2018 1228 2052; x_wconf 87' lang='lat' dir='ltr'>mortuus</span> <span class='ocrx_word' id='word_1_193' title='bbox 1243 2017 1349 2053; x_wconf 87' lang='lat' dir='ltr'>esset</span> <span class='ocrx_word' id='word_1_194' title='bbox 1364 2015 1481 2053; x_wconf 85' lang='lat' dir='ltr'>Coin-</span> 
     </span>
     <span class='ocr_line' id='line_1_27' title="bbox 218 2079 1480 2130; baseline 0.001 -13"><span class='ocrx_word' id='word_1_195' title='bbox 218 2079 338 2117; x_wconf 83' lang='lat' dir='ltr'>ualch</span> <span class='ocrx_word' id='word_1_196' title='bbox 352 2080 374 2127; x_wconf 57' lang='grc'>9,</span> <span class='ocrx_word' id='word_1_197' title='bbox 400 2094 479 2129; x_wconf 89' lang='lat' dir='ltr'>quo</span> <span class='ocrx_word' id='word_1_198' title='bbox 496 2082 693 2129; x_wconf 82' lang='lat' dir='ltr'>regnante</span> <span class='ocrx_word' id='word_1_199' title='bbox 713 2080 823 2118; x_wconf 89' lang='lat' dir='ltr'>idem</span> <span class='ocrx_word' id='word_1_200' title='bbox 845 2080 1092 2118; x_wconf 86' lang='lat' dir='ltr'>Leutherius</span> <span class='ocrx_word' id='word_1_201' title='bbox 1112 2080 1327 2130; x_wconf 87' lang='lat' dir='ltr'>episcopus</span> <span class='ocrx_word' id='word_1_202' title='bbox 1347 2081 1480 2119; x_wconf 84' lang='lat' dir='ltr'>factus</span> 
     </span>
     <span class='ocr_line' id='line_1_28' title="bbox 219 2145 1479 2195; baseline 0.001 -12"><span class='ocrx_word' id='word_1_203' title='bbox 219 2147 292 2193; x_wconf 86' lang='lat' dir='ltr'>est,</span> <span class='ocrx_word' id='word_1_204' title='bbox 325 2147 568 2194; x_wconf 80' lang='lat' dir='ltr'>acceperunt</span> <span class='ocrx_word' id='word_1_205' title='bbox 602 2145 810 2194; x_wconf 85' lang='lat' dir='ltr'>subreguli</span> <span class='ocrx_word' id='word_1_206' title='bbox 840 2159 1014 2193; x_wconf 84' lang='lat' dir='ltr'>regnum</span> <span class='ocrx_word' id='word_1_207' title='bbox 1046 2147 1192 2195; x_wconf 87' lang='lat' dir='ltr'>gentis,</span> <span class='ocrx_word' id='word_1_208' title='bbox 1226 2149 1267 2184; x_wconf 90' lang='lat' dir='ltr'>et</span> <span class='ocrx_word' id='word_1_209' title='bbox 1297 2146 1479 2184; x_wconf 85' lang='lat' dir='ltr'>diuisum</span> 
     </span>
     <span class='ocr_line' id='line_1_29' title="bbox 220 2210 1479 2261; baseline 0.002 -13"><span class='ocrx_word' id='word_1_210' title='bbox 220 2210 329 2248; x_wconf 86' lang='lat' dir='ltr'>inter</span> <span class='ocrx_word' id='word_1_211' title='bbox 353 2224 396 2248; x_wconf 91' lang='lat' dir='ltr'>se</span> <span class='ocrx_word' id='word_1_212' title='bbox 425 2213 651 2249; x_wconf 87' lang='lat' dir='ltr'>tenuerunt</span> <span class='ocrx_word' id='word_1_213' title='bbox 681 2211 802 2249; x_wconf 85' lang='lat' dir='ltr'>annis</span> <span class='ocrx_word' id='word_1_214' title='bbox 830 2211 986 2248; x_wconf 87' lang='lat' dir='ltr'>circiter</span> <span class='ocrx_word' id='word_1_215' title='bbox 1012 2211 1078 2258; x_wconf 92' lang='lat' dir='ltr'>X;</span> <span class='ocrx_word' id='word_1_216' title='bbox 1108 2211 1289 2261; x_wconf 85' lang='lat' dir='ltr'>ipsisque</span> <span class='ocrx_word' id='word_1_217' title='bbox 1309 2225 1479 2261; x_wconf 82' lang='lat' dir='ltr'>regnan-</span> 
     </span>
     <span class='ocr_line' id='line_1_30' title="bbox 220 2275 1479 2325; baseline 0.002 -12"><span class='ocrx_word' id='word_1_218' title='bbox 220 2275 332 2313; x_wconf 89' lang='lat' dir='ltr'>tibus</span> <span class='ocrx_word' id='word_1_219' title='bbox 349 2276 565 2314; x_wconf 87' lang='lat' dir='ltr'>defunctus</span> <span class='ocrx_word' id='word_1_220' title='bbox 585 2278 647 2314; x_wconf 90' lang='lat' dir='ltr'>est</span> <span class='ocrx_word' id='word_1_221' title='bbox 666 2277 747 2323; x_wconf 77' lang='lat' dir='ltr'>ille,</span> <span class='ocrx_word' id='word_1_222' title='bbox 773 2278 814 2314; x_wconf 90' lang='lat' dir='ltr'>et</span> <span class='ocrx_word' id='word_1_223' title='bbox 838 2276 1071 2325; x_wconf 82' lang='lat' dir='ltr'>episc-opatu</span> <span class='ocrx_word' id='word_1_224' title='bbox 1091 2276 1260 2315; x_wconf 85' lang='lat' dir='ltr'>functus</span> <span class='ocrx_word' id='word_1_225' title='bbox 1274 2277 1438 2315; x_wconf 86' lang='lat' dir='ltr'>Haeddi</span> <span class='ocrx_word' id='word_1_226' title='bbox 1452 2278 1479 2297; x_wconf 89' lang='lat'>¹⁰</span> 
     </span>
     <span class='ocr_line' id='line_1_31' title="bbox 219 2342 1474 2390; baseline 0.002 -12"><span class='ocrx_word' id='word_1_227' title='bbox 219 2353 291 2390; x_wconf 87' lang='lat' dir='ltr'>pro</span> <span class='ocrx_word' id='word_1_228' title='bbox 311 2354 367 2390; x_wconf 85' lang='lat' dir='ltr'>eo,</span> <span class='ocrx_word' id='word_1_229' title='bbox 391 2344 653 2380; x_wconf 87' lang='lat' dir='ltr'>consecratus</span> <span class='ocrx_word' id='word_1_230' title='bbox 680 2355 703 2380; x_wconf 83' lang='lat' dir='ltr'>a</span> <span class='ocrx_word' id='word_1_231' title='bbox 732 2342 946 2380; x_wconf 85' lang='lat' dir='ltr'>Theodoro</span> <span class='ocrx_word' id='word_1_232' title='bbox 974 2342 1020 2380; x_wconf 91' lang='lat' dir='ltr'>in</span> <span class='ocrx_word' id='word_1_233' title='bbox 1049 2342 1216 2380; x_wconf 84' lang='lat' dir='ltr'>ciuitate</span> <span class='ocrx_word' id='word_1_234' title='bbox 1243 2343 1474 2382; x_wconf 85' lang='lat' dir='ltr'>Lundonia.</span> 
     </span>
    </p>
   </div>
   <div class='ocr_carea' id='block_1_6' title="bbox 221 2446 1481 2646">
    <p class='ocr_par' dir='ltr' id='par_1_7' title="bbox 221 2446 1481 2646">
     <span class='ocr_line' id='line_1_32' title="bbox 263 2446 1479 2490; baseline 0.002 -11"><span class='ocrx_word' id='word_1_235' title='bbox 263 2446 272 2467; x_wconf 83' lang='lat'>¹</span> <span class='ocrx_word' id='word_1_236' title='bbox 300 2458 372 2479; x_wconf 86' lang='lat' dir='ltr'>—rae</span> <span class='ocrx_word' id='word_1_237' title='bbox 389 2449 487 2480; x_wconf 88' lang='lat' dir='ltr'>M.B.</span> <span class='ocrx_word' id='word_1_238' title='bbox 505 2449 562 2488; x_wconf 55' lang='lat' dir='ltr'>Hl.</span> <span class='ocrx_word' id='word_1_239' title='bbox 630 2448 642 2466; x_wconf 82' lang='lat'>²</span> <span class='ocrx_word' id='word_1_240' title='bbox 665 2451 776 2489; x_wconf 77' lang='lat' dir='ltr'>possit</span> <span class='ocrx_word' id='word_1_241' title='bbox 795 2450 832 2481; x_wconf 80' lang='lat' dir='ltr'>C.</span> <span class='ocrx_word' id='word_1_242' title='bbox 849 2450 906 2481; x_wconf 82' lang='lat' dir='ltr'>N¹.</span> <span class='ocrx_word' id='word_1_243' title='bbox 983 2448 995 2466; x_wconf 81' lang='lat'>³</span> <span class='ocrx_word' id='word_1_244' title='bbox 1018 2460 1082 2490; x_wconf 83' lang='lat' dir='ltr'>pro</span> <span class='ocrx_word' id='word_1_245' title='bbox 1098 2461 1157 2481; x_wconf 79' lang='lat' dir='ltr'>om.</span> <span class='ocrx_word' id='word_1_246' title='bbox 1176 2450 1223 2481; x_wconf 87' lang='lat' dir='ltr'>M.</span> <span class='ocrx_word' id='word_1_247' title='bbox 1298 2451 1310 2468; x_wconf 75' lang='lat'><strong>⁴</strong></span> <span class='ocrx_word' id='word_1_248' title='bbox 1332 2453 1418 2490; x_wconf 73' lang='lat' dir='ltr'>puta</span> <span class='ocrx_word' id='word_1_249' title='bbox 1435 2452 1479 2483; x_wconf 90' lang='lat' dir='ltr'>N.</span> 
     </span>
     <span class='ocr_line' id='line_1_33' title="bbox 221 2498 1480 2541; baseline 0.003 -12"><span class='ocrx_word' id='word_1_250' title='bbox 221 2498 232 2515; x_wconf 85' lang='lat'>⁵</span> <span class='ocrx_word' id='word_1_251' title='bbox 255 2500 434 2538; x_wconf 86' lang='lat' dir='ltr'>quichelm</span> <span class='ocrx_word' id='word_1_252' title='bbox 452 2501 478 2531; x_wconf 85' lang='lat' dir='ltr'>C</span> <span class='ocrx_word' id='word_1_253' title='bbox 493 2511 500 2539; x_wconf 90' lang='grc'><strong>;</strong></span> <span class='ocrx_word' id='word_1_254' title='bbox 525 2501 727 2532; x_wconf 87' lang='lat' dir='ltr'>cuichhelm</span> <span class='ocrx_word' id='word_1_255' title='bbox 744 2502 788 2533; x_wconf 87' lang='lat' dir='ltr'>N.</span> <span class='ocrx_word' id='word_1_256' title='bbox 876 2503 888 2520; x_wconf 75' lang='lat'><strong>⁶</strong></span> <span class='ocrx_word' id='word_1_257' title='bbox 911 2502 1090 2541; x_wconf 82' lang='lat' dir='ltr'>gebmund</span> <span class='ocrx_word' id='word_1_258' title='bbox 1108 2502 1149 2533; x_wconf 90' lang='lat' dir='ltr'>B.</span> <span class='ocrx_word' id='word_1_259' title='bbox 1161 2503 1191 2532; x_wconf 89' lang='lat' dir='ltr'>N</span> <span class='ocrx_word' id='word_1_260' title='bbox 1207 2513 1214 2539; x_wconf 90' lang='lat'>;</span> <span class='ocrx_word' id='word_1_261' title='bbox 1231 2502 1426 2541; x_wconf 83' lang='lat' dir='ltr'>gemmund</span> <span class='ocrx_word' id='word_1_262' title='bbox 1443 2503 1480 2534; x_wconf 91' lang='lat' dir='ltr'>C.</span> 
     </span>
     <span class='ocr_line' id='line_1_34' title="bbox 221 2549 1481 2593; baseline 0.003 -12"><span class='ocrx_word' id='word_1_263' title='bbox 221 2549 232 2567; x_wconf 94' lang='lat'>⁷</span> <span class='ocrx_word' id='word_1_264' title='bbox 255 2552 436 2582; x_wconf 85' lang='lat' dir='ltr'>-berchtus</span> <span class='ocrx_word' id='word_1_265' title='bbox 453 2553 490 2584; x_wconf 86' lang='lat' dir='ltr'>C.</span> <span class='ocrx_word' id='word_1_266' title='bbox 633 2552 644 2570; x_wconf 60' lang='grc'><strong>8</strong></span> <span class='ocrx_word' id='word_1_267' title='bbox 666 2554 771 2584; x_wconf 86' lang='lat' dir='ltr'>uuini</span> <span class='ocrx_word' id='word_1_268' title='bbox 788 2553 826 2585; x_wconf 83' lang='lat' dir='ltr'>C.</span> <span class='ocrx_word' id='word_1_269' title='bbox 957 2554 968 2571; x_wconf 85' lang='lat'>⁹</span> <span class='ocrx_word' id='word_1_270' title='bbox 995 2555 1168 2584; x_wconf 83' lang='lat' dir='ltr'>coenualh</span> <span class='ocrx_word' id='word_1_271' title='bbox 1187 2555 1212 2585; x_wconf 94' lang='lat' dir='ltr'>C</span> <span class='ocrx_word' id='word_1_272' title='bbox 1228 2565 1235 2593; x_wconf 88' lang='lat'>;</span> <span class='ocrx_word' id='word_1_273' title='bbox 1259 2555 1420 2585; x_wconf 83' lang='lat' dir='ltr'>coinualc</span> <span class='ocrx_word' id='word_1_274' title='bbox 1437 2555 1481 2586; x_wconf 91' lang='lat' dir='ltr'>N.</span> 
     </span>
     <span class='ocr_line' id='line_1_35' title="bbox 221 2604 666 2646; baseline 0.009 -10"><span class='ocrx_word' id='word_1_275' title='bbox 221 2604 245 2622; x_wconf 82' lang='lat'>¹⁰</span> <span class='ocrx_word' id='word_1_276' title='bbox 267 2606 376 2637; x_wconf 89' lang='lat' dir='ltr'>heddi</span> <span class='ocrx_word' id='word_1_277' title='bbox 393 2607 419 2638; x_wconf 84' lang='lat' dir='ltr'>C</span> <span class='ocrx_word' id='word_1_278' title='bbox 436 2619 443 2646; x_wconf 83' lang='lat'><em>3</em></span> <span class='ocrx_word' id='word_1_279' title='bbox 467 2608 606 2639; x_wconf 84' lang='lat' dir='ltr'>haedda</span> <span class='ocrx_word' id='word_1_280' title='bbox 622 2609 666 2641; x_wconf 91' lang='lat' dir='ltr'>N.</span> 
     </span>
    </p>
   </div>
   <div class='ocr_carea' id='block_1_7' title="bbox 821 2673 886 2706">
    <p class='ocr_par' dir='ltr' id='par_1_8' title="bbox 821 2673 886 2706">
     <span class='ocr_line' id='line_1_36' title="bbox 821 2673 886 2706; baseline 0 -8"><span class='ocrx_word' id='word_1_281' title='bbox 821 2673 886 2706; x_wconf 83' lang='lat' dir='ltr'>Q2</span> 
     </span>
    </p>
   </div>
  </div>
 </body>
</html>
