1803 2887
51 1059 159 1087 Death
174 1058 210 1086 of

52 1099 149 1134 Cedd,
166 1108 193 1126 A.
205 1108 233 1127 1).

51 1140 114 1171 664.

53 1386 112 1412 His

54 1425 211 1452 brothers.

279 149 360 189 176
633 147 684 188 H
687 147 843 190 istoria
873 147 1178 190 Ecclesiccsticcc
1366 154 1453 196 [Lm.
1472 157 1530 188 111.

275 266 484 312 restarent,
509 263 625 301 uenit
652 264 723 313 qui
749 264 941 303 clamaret
965 278 1061 302 eum
1089 265 1139 302 ad
1164 278 1310 314 regem.
1371 266 1430 302 At
1449 263 1529 312 ille,

275 344 327 368 ne
357 343 458 379 opus
487 329 726 379 religiosum
750 330 1008 379 negotiorum
1039 330 1240 380 regalium
1269 343 1386 368 causa
1413 331 1534 368 inter-

276 396 520 443 mitteretur,
544 395 664 444 petiit
687 396 975 445 presbyterum
1001 409 1123 433 suum
1143 395 1401 445 Cynibillum
1416 394 1439 442 ¹,
1464 395 1535 444 qui

276 461 401 499 etiam
423 461 548 498 frater
567 474 786 510 germanus
806 463 890 499 erat
910 461 1049 510 ipsius,
1074 461 1140 510 pia
1165 463 1305 510 coepta
1331 461 1530 510 conplere.

277 527 353 564 Cui
391 540 485 563 cum
532 526 602 563 ille
648 526 826 564 libenter
868 527 1157 576 adquiesceret,
1199 527 1361 575 expleto
1399 525 1536 564 studio

277 591 528 629 ieiuniorum
562 594 602 629 et
634 592 839 639 orationis,
869 592 965 630 fecit
999 592 1058 629 ibi
1091 591 1399 639 monasterium,
1428 590 1535 640 quod

278 670 388 694 nunc
410 657 683 706 Laestingaeu
698 657 711 677 2
730 660 910 705 uocatur,
936 660 976 695 et
996 657 1199 707 religiosis
1219 658 1403 695 moribus
1422 656 1538 694 iuxta

278 722 381 760 ritus
401 722 816 771 Lindisfarnensium,
837 724 909 761 ubi
928 725 1122 762 educatus
1142 725 1236 771 erat,
1261 722 1455 761 instituit.

333 788 413 836 Qui
438 801 532 826 cum
561 789 681 826 annis
712 789 855 827 multis
879 791 919 826 et
944 789 988 826 in
1020 789 1200 838 praefata
1225 788 1437 838 prouincia
1462 787 1540 836 epi·

277 855 490 902 scopatum
525 854 843 902 administraret,
879 857 919 892 et
950 854 1075 892 huius
1109 868 1270 904 quoque
1300 852 1541 891 monasterii

278 919 444 956 statutis
473 919 692 968 propositis
721 934 860 958 curam
889 922 1058 969 gereret,
1083 934 1178 958 casu
1206 919 1389 969 contigit,
1414 921 1461 957 ut
1489 919 1539 956 ad

279 985 416 1033 ipsum
448 985 745 1023 monasterium
776 988 961 1035 tempore
994 986 1260 1024 mortalitatis
1298 985 1535 1032 adueniens,

279 1052 412 1088 tactus
439 1051 442 1098 Ι
468 1051 622 1088 ibidem
644 1051 888 1089 infirmitate
908 1051 1085 1101 corporis
1102 1051 1244 1090 obiret.
1305 1051 1386 1099 Qui
1405 1051 1540 1100 primo

281 1115 447 1165 quidem
469 1117 567 1154 foris
594 1117 782 1165 sepultus
803 1118 864 1154 est
882 1131 890 1164 ;
920 1119 1104 1166 tempore
1125 1119 1264 1154 autem
1284 1117 1536 1166 procedente,

280 1181 324 1218 in
360 1182 503 1219 eodem
532 1182 781 1219 monasterio
812 1182 978 1220 ecclesia
1005 1184 1065 1220 est
1096 1182 1141 1219 in
1172 1182 1371 1220 honorem
1400 1182 1542 1219 beatae

282 1247 359 1284 Dei
380 1247 598 1295 genetricis
622 1248 672 1285 de
697 1248 832 1296 lapide
851 1248 966 1296 facta,
991 1250 1032 1286 et
1062 1248 1107 1285 in
1136 1247 1209 1285 illa
1238 1261 1384 1296 corpus
1412 1247 1542 1296 ipsius

279 1313 329 1350 ad
351 1313 561 1351 dexteram
580 1313 723 1351 altaris
742 1314 1010 1352 reconditum.

337 1378 463 1415 Dedit
496 1380 634 1416 autem
669 1379 882 1428 episcopus
920 1380 1146 1429 regendum
1179 1380 1272 1428 post
1305 1391 1348 1416 se
1384 1391 1542 1416 monas-

283 1443 432 1480 terium
464 1444 580 1481 fratri
607 1458 681 1482 suo
710 1445 878 1493 Ceadda,
905 1445 974 1494 qui
1002 1446 1141 1494 postea
1170 1444 1382 1494 episcopus
1411 1444 1542 1482 factus

284 1510 354 1556 est,
372 1511 419 1546 ut
438 1509 482 1546 in
503 1510 769 1559 sequentibus
785 1511 977 1548 dicemus.
1033 1510 1129 1548 1111
1147 1511 1350 1559 siquidem
1370 1509 1423 1557 hi,
1442 1522 1543 1558 quos

284 1575 471 1622 diximus,
497 1576 681 1624 germani
705 1576 860 1623 fratres,
886 1576 1007 1624 Cedd,
1033 1578 1073 1613 et
1089 1576 1306 1626 CynibssF’
1328 1577 1368 1613 et
1387 1574 1538 1622 Caelin,

284 1642 323 1677 et
361 1640 531 1687 Ceadda,
574 1642 682 1690 quod
722 1655 812 1679 raro
859 1642 1081 1689 inuenit-ur,
1125 1655 1269 1679 omnes
1317 1641 1544 1678 sacerdotes

285 1706 455 1743 Domini
487 1707 601 1744 fuere
634 1707 838 1755 praeclari,
872 1709 913 1745 et
947 1708 1028 1745 duo
1062 1721 1112 1745 ex
1144 1707 1203 1744 eis
1234 1707 1358 1745 etiam
1390 1705 1544 1744 summi

285 1772 494 1809 sacerdotii
534 1772 659 1821 gradu
698 1773 831 1810 functi
868 1774 976 1811 sunt.
1039 1774 1143 1811 Cum
1178 1786 1273 1822 ergo
1311 1773 1544 1821 episcopum

285 1837 527 1875 defunctum
574 1851 618 1875 ac
662 1839 873 1887 sepultum
911 1838 955 1876 in
998 1839 1207 1887 prouincia
1255 1837 1543 1887 Nordanhym-

284 1903 451 1940 brorum
477 1903 666 1941 audirent
694 1904 850 1951 fratres,
876 1904 945 1953 qui
971 1904 1015 1942 in
1042 1904 1289 1941 monasterio
1315 1904 1402 1941 eius
1428 1904 1546 1941 erant

286 1969 329 2005 in
364 1968 574 2017 prouincia
605 1969 877 2007 Orientalium
908 1970 1127 2016 Saxonum,
1159 1971 1363 2007 uenerunt
1391 1969 1464 2006 illo
1496 1968 1545 2006 de

286 2048 360 2071 suo
394 2035 643 2072 monasterio
677 2035 866 2073 homines
897 2035 1056 2073 circiter
1085 2035 1220 2082 XXX,
1250 2035 1462 2083 cupientes
1494 2034 1544 2072 ad

286 2113 433 2148 corpus
462 2099 523 2137 sui
554 2100 692 2148 patris,
717 2103 788 2138 aut
817 2101 968 2148 uiuere,
999 2100 1034 2138 si
1064 2100 1120 2138 sic
1147 2101 1233 2138 Deo
1261 2100 1449 2149 placeret,
1474 2100 1546 2137 aut

286 2166 510 2203 morientes
539 2165 597 2202 ibi
626 2166 799 2215 sepeliri.
860 2166 939 2213 Qui
967 2166 1144 2203 libenter
1176 2178 1199 2203 a
1232 2165 1318 2202 suis
1351 2165 1546 2202 fratribus

287 2233 325 2268 et
342 2231 681 2269 conmilitonibus
697 2231 886 2281 suscepti,
901 2245 1043 2269 omnes
1059 2231 1214 2269 ibidem
1230 2230 1545 2280 superueniente

286 2297 489 2345 praefatae
515 2297 775 2345 pestilentiae
795 2297 909 2335 clade
929 2297 1113 2335 defuncti
1140 2299 1248 2344 sunt,
1274 2298 1442 2345 excepto
1462 2309 1545 2333 uno

287 2362 469 2411 puerulo,
495 2376 617 2411 quem
648 2362 902 2400 orationibus
931 2362 1057 2411 patris
1086 2362 1150 2400 sui
1179 2375 1202 2399 a
1227 2364 1361 2400 morte
1387 2362 1546 2399 constat

287 2440 375 2464 esse
404 2429 626 2466 seruatum.
688 2428 795 2465 Nam
827 2441 921 2465 cum
952 2427 1086 2465 multo
1115 2429 1207 2476 post
1236 2428 1333 2464 haec
1362 2429 1546 2475 tempore

287 2492 458 2540 uiueret,
493 2495 533 2530 et
562 2493 776 2542 scripturis
805 2493 990 2542 legendis
1019 2506 1185 2542 operam
1219 2493 1342 2540 daret,
1376 2493 1545 2530 tandem

331 2584 340 2600 ¹
365 2588 463 2616 added
478 2596 517 2616 <m
533 2589 658 2624 mccryin
675 2585 700 2617 C
715 2596 723 2624 ;
747 2595 846 2625 cyne-
863 2584 919 2618 13².
1006 2584 1018 2602 ²
1041 2586 1134 2625 -gaig
1149 2584 1201 2616 B2.
1302 2587 1312 2604 ³
1336 2586 1400 2616 -bil
1415 2585 1452 2616 C.
1466 2585 1509 2615 N.

1564 1059 1584 1087 f.
1602 1061 1632 1087 61
1651 1060 1678 1087 b.
