1803 2887
86 282 145 309 His

85 321 285 349 authorities

84 602 229 630 Albinus

85 1191 246 1218 Notholm.

84 1525 285 1551 Documents

83 1565 168 1591 trom
182 1563 238 1591 the

85 1603 213 1629 Roman

85 1642 241 1670 archives.

86 1916 212 1943 Earlior

85 1956 219 1983 writers.

314 162 340 200 6
673 161 722 201 Η
724 160 848 202 ass-torsi
852 176 880 202 cc
910 161 1217 202 Eeclesiccstc'cco
1429 167 1565 209 [PRAEF.

366 276 426 314 Ut
454 278 591 314 autem
621 276 664 313 in
695 275 770 323 his,
795 289 897 325 quae
925 276 1079 325 scripsi,
1114 276 1181 314 uel
1210 275 1296 325 tibi,
1328 276 1395 314 uel
1424 276 1568 314 ceteris

313 342 570 380 auditoribus
599 341 685 379 siue
711 341 928 379 lectoribus
948 342 1071 379 huius
1096 341 1287 379 historiae
1317 341 1567 380 occasionem

312 407 529 444 dubitandi
558 406 807 454 subtraham,
832 406 979 455 quibus
1007 407 1105 445 haec
1128 407 1309 445 maxime
1337 406 1568 444 auctoribus

314 472 538 519 didicerim,
564 471 743 509 breuiter
763 472 957 509 intimare
977 473 1133 510 curabo.

367 538 524 575 Auctor
560 538 655 574 ante
693 550 835 574 omnes
872 538 992 586 atque
1029 537 1188 575 adiutor
1224 537 1408 586 opusculi
1445 536 1570 574 huius

314 602 495 640 Albinus
523 602 625 639 abba
658 602 1028 650 reuerentissimus,
1062 603 1127 640 uir
1156 616 1227 651 per
1257 601 1395 640 onmia
1423 601 1569 640 doctis-

315 667 456 714 simus,
482 666 645 714 extitit;
681 666 752 715 qui
779 667 823 704 111
850 668 1017 705 ecclesia
1037 667 1351 706 Cantuariorum
1379 680 1402 704 a
1429 667 1569 705 beatae

315 732 534 769 memoriae
554 732 764 769 Theodoro
789 732 1088 782 archiepiscopo
1113 735 1153 770 et
1177 733 1388 771 Hadriano
1412 732 1565 779 abbate,

314 797 415 835 uiris
435 797 738 834 uenerabilibus
759 802 879 846 atque
899 798 1200 846 eruditissimis,
1225 798 1453 845 institutus,
1479 797 1571 835 dili—

313 865 458 912 genter
489 862 637 910 omnia,
672 876 775 911 quae
808 862 852 899 in
882 863 968 911 ipsa
1002 863 1316 901 Cantuariorum
1345 863 1565 913 prouincia,

313 929 379 966 uel
410 928 533 965 etiam
566 927 608 964 in
641 927 846 977 contiguis
879 928 1013 966 eidem
1047 929 1281 978 regionibus
1309 942 1332 966 a
1361 927 1570 977 discipulis

313 994 421 1031 beati
444 1006 570 1042 papae
591 993 777 1042 Gregorii
796 998 909 1042 gesta
928 994 1052 1042 fuere,
1077 995 1145 1032 uel
1175 994 1443 1032 monimentis
1466 994 1569 1031 litte-

313 1072 461 1107 rarum,
480 1060 546 1096 uel
567 1059 776 1096 seniorum
796 1059 1015 1097 traditione
1036 1062 1283 1109 cognouerat
1302 1074 1310 1107 3
1341 1062 1380 1097 et
1404 1072 1449 1097 ea
1468 1059 1573 1096 mihi

314 1125 363 1162 de
383 1125 458 1172 his,
484 1138 586 1173 quae
607 1124 805 1161 memoria
821 1124 943 1173 digna
963 1125 1218 1173 uidebantur,
1242 1138 1315 1174 per
1333 1124 1570 1174 religiosum

314 1186 621 1224 Lundoniensis
646 1186 835 1224 ecclesiae
864 1187 1151 1236 presbyterum
1181 1187 1463 1235 Nothelmum,
1488 1187 1574 1224 siue

312 1252 460 1290 litteris
490 1252 693 1298 mandata,
725 1251 812 1289 siue
837 1252 967 1301 ipsius
996 1251 1232 1290 Nothelmi¹
1262 1253 1359 1291 uiua
1388 1265 1488 1290 uoce
1521 1266 1577 1290 re-

312 1318 489 1365 ferenda,
509 1316 750 1355 transmisit.
814 1317 893 1365 Qui
919 1317 1107 1355 uidelicet
1136 1318 1385 1356 Nothelmus
1407 1316 1576 1367 postea2

314 1383 487 1420 Romam
522 1382 705 1430 ueniens,
746 1383 969 1420 nonnullas
998 1383 1057 1420 ibi
1089 1383 1196 1421 beati
1228 1383 1413 1433 Gregorii
1446 1396 1572 1432 papae

315 1448 440 1485 simul
478 1449 518 1485 et
555 1447 730 1485 aliorum
768 1448 1010 1496 pontificum
1057 1449 1261 1498 epistulas,
1293 1449 1572 1499 lperscrutato

316 1513 500 1551 eiusdem
534 1514 694 1550 sanctae
727 1513 914 1551 ecclesiae
944 1514 1151 1552 Romanae
1180 1514 1339 1562 scrinio,
1372 1513 1573 1563 permissu

316 1579 414 1625 eius,
439 1578 511 1627 qui
530 1591 640 1615 nunc
661 1578 740 1627 ipsi
761 1579 952 1617 ecclesiae
970 1581 1131 1628 praeest
1151 1579 1335 1628 Gregorii
1354 1579 1571 1628 pontificis,

316 1643 489 1691 inuenit,
515 1657 784 1692 reuersusque
804 1644 922 1682 nobis
942 1647 1107 1683 nostrae
1126 1645 1320 1683 historiae
1339 1645 1576 1682 inserendas

315 1722 409 1746 cum
457 1708 627 1746 consilio
674 1710 844 1758 praefati
882 1710 1029 1748 Albini
1075 1710 1399 1748 reuerentissimi
1446 1710 1575 1759 patris

313 1775 471 1813 adtulit.
532 1775 572 1812 A
592 1775 792 1824 principio
812 1775 949 1825 itaque
977 1776 1203 1814 uoluminis
1223 1776 1346 1813 huius
1375 1788 1504 1824 usque
1524 1776 1571 1813 ad

313 1843 487 1889 tempus,
511 1856 591 1891 quo
611 1855 711 1891 gens
730 1841 964 1890 Anglorum
985 1842 1109 1879 fidem
1131 1841 1284 1880 Christi
1310 1841 1501 1890 percepit,
1526 1854 1575 1878 ex

315 1906 498 1955 priorum
527 1908 707 1945 maxime
735 1907 896 1956 scriptis
925 1907 1022 1945 hinc
1052 1907 1147 1945 inde
1176 1907 1354 1944 collectis
1383 1920 1437 1954 ea,
1473 1920 1574 1956 quae

316 1986 607 2021 promeremus,
633 1973 860 2011 didicimus.
923 1973 1084 2010 Exinde
1104 1975 1242 2010 autem
1259 1986 1387 2022 usque
1406 1973 1456 2011 ad
1476 1975 1576 2011 tem-

314 2052 411 2087 pora
452 2039 690 2087 praesentia,
734 2052 837 2087 quae
874 2039 916 2076 in
958 2038 1124 2076 ecclesia
1158 2038 1472 2076 Cantuariorum
1502 2052 1575 2087 per

315 2104 536 2153 discipulos
555 2104 663 2142 beati
682 2117 809 2153 papae
823 2104 1018 2153 Gregorii,
1044 2105 1131 2142 siue
1152 2117 1401 2142 successores
1416 2117 1568 2151 eorum,

316 2169 381 2206 uel
411 2170 487 2207 sub
517 2170 667 2218 quibus
701 2170 865 2219 regibus
894 2172 1007 2219 gesta
1037 2170 1133 2217 sint,
1167 2169 1384 2207 memorati
1416 2169 1574 2207 abbatis

316 2234 459 2271 Albini
497 2235 710 2283 industria,
750 2235 982 2283 Nothelmo,
1015 2237 1061 2273 ut
1096 2235 1286 2283 diximus,
1328 2235 1569 2284 perferente,

316 2300 595 2348 cognouimus.
657 2300 736 2348 Qui
756 2300 881 2338 etiam
900 2300 1132 2349 prouinciae
1154 2300 1428 2338 Orientalium
1449 2299 1574 2337 simul

315 2367 355 2402 et
385 2365 712 2403 Occidentalium
748 2366 967 2413 Saxonum,
1001 2379 1075 2403 nec
1108 2379 1192 2403 non
1227 2368 1267 2403 et
1301 2365 1573 2403 Orientalium

313 2430 548 2479 Anglorum
582 2432 703 2479 atque
744 2430 1196 2480 Nordanhymbrorum,
1232 2444 1255 2468 a
1286 2430 1436 2480 quibus
1465 2443 1574 2479 prae-

314 2495 481 2543 sulibus,
506 2495 572 2533 uel
601 2509 777 2544 quorum
797 2498 981 2545 tempore
1006 2509 1149 2546 regum
1178 2496 1353 2545 gratiam
1373 2494 1574 2545 euangelii

534 2590 542 2607 ¹
566 2591 791 2622 nothelmum
810 2591 846 2622 O.
1034 2591 1046 2608 ²
1069 2593 1255 2631 postquam
1273 2591 1308 2622 C.

1608 1457 1615 1483 ’,
1637 1466 1643 1482 ι
1660 1456 1686 1482 11.
