1803 2887
69 1382 105 1410 cf.
121 1383 190 1411 Act.

68 1422 150 1451 xxvi.
169 1424 207 1451 18.

41 1511 174 1547 ¹f.25b.

568 625 774 673 LIBER
824 624 1210 673 SECUNDUS.

795 771 914 810 CAP.
948 770 982 809 Ι.

628 908 669 937 De
685 908 763 937 obilu
783 908 859 937 beati
869 903 990 943 papae1
1009 907 1152 944 Gregyorz'i.

313 984 396 1023 H1s
416 984 678 1034 temporibus,
703 984 745 1022 id
766 986 827 1022 est
847 998 954 1022 anno
974 984 1203 1022 dominicae
1223 984 1516 1022 incarnationis

1538 989 1644 1018 Death
1661 990 1695 1016 01'

1539 1030 1693 1064 Gregory,

258 1050 379 1098 DCV,
395 1051 539 1088 beatus
552 1064 654 1099 papa
667 1050 897 1100 GregoriUS,
918 1051 1136 1098 postquam
1152 1050 1290 1087 sedem
1309 1050 1517 1087 Romanae
1538 1070 1594 1096 the
1609 1068 1742 1103 Apostle-

259 1118 299 1154 et
319 1116 561 1164 apostolicae
582 1115 773 1153 ecclesiae
793 1115 907 1152 XIII
927 1128 1068 1163 annos,
1090 1128 1250 1152 menses
1270 1115 1342 1162 VI,
1369 1117 1408 1152 et
1429 1115 1516 1152 dies

258 1180 299 1218 X
317 1180 610 1229 gloriosissime
631 1181 747 1228 rexit,
765 1180 986 1218 defunctus
1005 1182 1078 1227 est,
1098 1181 1220 1229 atque
1235 1180 1284 1217 ad
1305 1181 1515 1218 aeternam

257 1245 373 1294 regni
393 1245 575 1283 caelestis
595 1246 734 1295 sedem
750 1245 984 1283 translatus.
1030 1244 1091 1281 De
1111 1258 1191 1293 quo
1211 1257 1286 1282 nos
1307 1245 1512 1293 conuenit,

258 1310 353 1359 quia
381 1313 574 1359 nostram,
608 1310 650 1348 id
681 1312 740 1348 est
769 1310 1015 1358 Anglorum,
1041 1312 1208 1358 gentem
1238 1311 1287 1348 de
1316 1311 1516 1358 potestate

259 1375 432 1413 Satanae
478 1376 529 1413 ad
576 1376 701 1413 fidem
739 1375 893 1413 Christi
931 1388 1004 1412 sua
1049 1374 1251 1412 industria
1298 1375 1511 1423 conuertit,

258 1440 445 1478 latiorem
483 1441 526 1477 in
565 1443 705 1478 nostra
744 1440 917 1478 historia
963 1439 1231 1477 ecclesiastica
1268 1440 1397 1477 facere
1436 1453 1513 1478 ser-

260 1519 435 1554 monem,
465 1519 589 1555 quem
618 1507 726 1543 recte
755 1507 945 1544 nostrum
975 1505 1179 1554 appellare
1206 1503 1209 1555 1
1234 1518 1453 1554 possumus
1474 1509 1514 1544 et

260 1570 456 1608 debemus
474 1571 715 1620 apostolum.
777 1571 890 1619 Quia,
916 1584 1010 1608 cum
1030 1570 1213 1620 primum
1239 1571 1283 1608 in
1312 1574 1399 1609 toto
1420 1572 1515 1609 orbe

259 1638 414 1685 gereret
452 1636 740 1685 pontificatum
755 1638 777 1685 ²,
821 1638 860 1674 et
903 1636 1109 1674 conuersis
1147 1636 1230 1674 iam
1269 1637 1427 1674 dudum
1464 1638 1514 1676 ad

259 1701 384 1739 fidem
401 1701 586 1740 ueritatis
602 1703 708 1739 esset
723 1702 928 1750 praelatus
942 1701 1132 1749 ecclesiis,
1151 1704 1332 1740 nostram
1348 1704 1514 1752 gentem

260 1768 427 1805 eatenus
454 1767 575 1805 idolis
604 1767 880 1816 mancipatam
902 1767 1057 1806 Christi
1085 1767 1181 1805 fecit
1211 1768 1433 1816 ecclesiam,
1458 1769 1516 1807 ita

260 1834 307 1870 ut
335 1833 603 1882 apostolicum
633 1832 756 1870 illum
785 1834 835 1871 de
863 1846 909 1870 eo
939 1833 1058 1871 liceat
1086 1834 1205 1872 nobis
1234 1834 1414 1883 proferre
1441 1847 1517 1872 ser-

260 1910 456 1936 monem:
487 1898 581 1947 quia
610 1898 687 1936 etsi
709 1898 801 1936 aliis
830 1912 915 1936 non
945 1901 1007 1937 est
1036 1900 1253 1948 apostolus,
1279 1901 1349 1938 sed
1377 1903 1517 1938 tamen

260 1963 377 2001 nobis
398 1965 458 2001 est
476 1978 484 2011 ;
504 1977 602 2001 nam
622 1963 881 2013 signaculum
900 1965 1151 2013 apostolatus
1172 1967 1258 2003 eius
1278 1979 1353 2003 nos
1373 1979 1518 2004 sumus

260 2027 303 2065 in
323 2028 514 2067 Domino.

319 2095 418 2132 Erat
450 2097 588 2133 autem
627 2096 795 2134 natione
825 2096 1047 2143 Romanus,
1078 2096 1125 2134 a³
1151 2098 1265 2145 patre
1297 2096 1514 2144 Gordiano,

262 2174 390 2211 genus
419 2173 442 2198 a
470 2160 631 2209 proauis
662 2175 746 2199 non
777 2161 911 2199 solum
935 2161 1083 2209 nobile,
1110 2162 1180 2199 sed
1210 2163 1250 2199 et
1281 2161 1518 2210 religiosum

262 2227 425 2264 ducens.
501 2226 690 2275 Denique
736 2227 853 2264 Felix
901 2227 1085 2264 eiusdem
1131 2227 1373 2275 apostolicae
1412 2227 1519 2265 sedis

263 2292 469 2340 quondam
490 2292 713 2341 episcopus,
738 2292 803 2330 uir
831 2305 1002 2341 magnae
1030 2292 1181 2341 gloriae
1210 2292 1254 2330 in
1286 2292 1450 2330 Christo
1479 2295 1519 2330 et

264 2357 437 2405 ecclesia,
490 2357 576 2395 eius
622 2358 701 2396 fuit
740 2360 895 2396 atauus.
975 2358 1055 2395 Sed
1071 2358 1083 2376 ⁴
1121 2357 1209 2406 ipse
1257 2357 1518 2396 nobilitatem

264 2422 470 2471 religionis
489 2436 573 2460 non
592 2423 751 2461 minore
771 2436 896 2473 quam
914 2424 1103 2472 parentes
1122 2424 1163 2460 et
1183 2423 1342 2473 cognati
1363 2423 1518 2462 uirtute

305 2541 315 2559 ¹
337 2545 378 2573 In
394 2544 433 2574 B.
451 2554 471 2573 α
489 2546 562 2574 later
584 2547 668 2574 hand
691 2547 747 2574 has
768 2547 935 2575 obliterated
955 2547 1001 2574 the
1022 2547 1104 2574 word
1124 2553 1234 2584 papae
1257 2547 1328 2574 with
1352 2547 1404 2574 recl
1425 2547 1516 2576 ochre.

263 2593 276 2613 2
299 2595 424 2634 pontif.
441 2605 509 2635 ger.
526 2596 572 2627 M.
662 2596 673 2613 ³
697 2606 739 2626 ex
753 2595 790 2627 C.
880 2595 890 2613 ⁵
914 2596 1020 2627 sedet
1036 2596 1080 2627 M.

1538 1108 1574 1135 of
1584 1108 1641 1135 the

1539 1147 1684 1182 English.

1542 2106 1603 2134 His
1615 2108 1746 2141 parent—

1541 2154 1608 2181 age.
