1803 2887
277 155 357 185 CAP.
369 152 425 193 V.]
677 145 828 187 Gentis
861 147 898 186 A
908 145 1129 200 stylorum.
1454 148 1533 188 135

275 260 524 308 perfectione
539 260 722 307 eximius,
740 261 908 298 correcti
924 263 1021 298 sunt
1037 273 1110 309 per
1125 273 1231 307 eum,
1258 262 1298 297 et
1317 261 1367 298 ad
1388 275 1533 299 uerum

277 323 599 371 canonicumque
627 323 800 371 paschae
829 323 965 360 dieml
1001 322 1213 369 translati;
1244 336 1366 371 quem
1397 326 1535 361 tamen

276 389 316 424 et
339 390 459 426 antea
484 401 569 425 non
592 401 754 437 semper
783 388 827 425 in
853 389 950 426 luna
979 388 1135 426 XIIII¹¹
1162 401 1258 425 cum
1282 388 1458 436 Iudaeis,
1488 391 1533 426 ut

277 452 444 501 quidam
473 453 668 490 rebantur
680 453 704 501 ²,
739 454 809 491 sed
840 453 884 490 in
916 453 981 491 die
1006 453 1175 502 quidem
1206 453 1422 501 dominica,
1456 454 1535 492 alia

275 519 424 565 tamen,
443 532 566 567 quam
583 519 758 566 decebat,
779 519 1004 556 ebdomada
1020 519 1289 557 celebrabant.
1343 519 1534 557 Sciebant

275 583 396 630 enim,
427 586 474 621 ut
504 584 738 631 Christiani,
772 584 1110 621 resurrectionem
1137 583 1397 631 dominicam,
1432 598 1535 633 quae

274 647 407 696 prima
441 649 599 686 sabbati
637 649 741 686 facta
780 651 852 695 est,
891 649 1022 698 prima
1059 649 1217 687 sabbati
1252 662 1413 698 semper
1446 663 1533 688 esse

274 714 584 761 celebrandam,
615 715 685 752 sed
711 716 756 752 ut
780 715 939 752 barbari
963 717 1001 752 et
1030 714 1182 761 rustici,
1208 716 1370 763 quando
1391 716 1533 753 eadem

272 780 404 828 prima
424 780 590 825 sabbati,
611 793 713 828 quae
726 781 737 799 ³
754 794 863 817 nunc
882 780 1085 818 dominica
1103 780 1189 818 dies
1205 781 1528 828 cognominatur,

272 845 442 892 ueniret,
467 845 641 882 minime
668 845 903 884 didicerant.
965 845 1125 883 Uerum
1155 845 1250 894 quia
1279 846 1409 894 gratia
1436 846 1531 884 cari-

271 910 368 947 tatis
414 910 573 948 feruere
620 924 704 948 non
747 910 985 958 omiserunt,
1028 912 1068 947 et
1110 910 1235 948 huius
1275 924 1435 960 quoque
1475 912 1532 949 rei

270 973 462 1010 notitiam
501 973 550 1010 ad
584 973 811 1021 perfectum
851 974 1057 1022 percipere
1095 975 1342 1010 meruerunt
1357 974 1380 1021 4,
1418 974 1532 1011 iuxta

269 1038 519 1086 promissum
567 1039 739 1087 apostoli
755 1039 928 1076 dicentis
947 1054 955 1077 :
990 1042 998 1056 ‘
1013 1039 1066 1077 Et
1088 1038 1223 1088 siquid
1239 1039 1359 1076 aliter
1374 1040 1527 1088 sapitis,

269 1105 309 1140 et
328 1104 403 1141 hoc
425 1118 586 1153 quoque
606 1104 722 1142 uobis
743 1105 855 1142 Deus
880 1105 1077 1142 reuelabit
1091 1105 1130 1142 ‘l'
1187 1105 1249 1142 De
1270 1118 1350 1154 quo
1370 1105 1533 1154 plenius

268 1169 312 1206 in
333 1169 599 1219 sequentibus
620 1183 693 1208 suo
714 1170 802 1208 loco
823 1171 1045 1208 dicendum
1065 1172 1137 1208 est.

794 1321 915 1359 CAP.
949 1320 997 1359 V.

691 1430 733 1457 De
752 1431 814 1458 uita
831 1431 954 1458 Aidam'
969 1430 1106 1465 epc'scsqu'.

323 1518 389 1554 ΑΒ
409 1517 483 1555 hac
505 1530 598 1567 ergo
618 1517 762 1565 insula,
787 1518 837 1555 ab
858 1518 1006 1555 horum
1027 1517 1196 1566 collegio
1217 1517 1524 1565 monachorum,

268 1583 318 1620 ad
357 1583 613 1631 prouinciam
646 1584 879 1632 Anglorum
912 1583 1210 1620 instituendam
1244 1583 1316 1620 111τ
1349 1583 1525 1630 Christo,

269 1648 422 1686 missus
451 1650 512 1686 est
545 1649 728 1688 Aedang.
763 1652 926 1697 accepto
956 1649 1082 1698 gradu
1113 1648 1379 1697 episcopatus.
1441 1649 1529 1696 Quo

269 1716 454 1763 tempore
469 1714 601 1752 eidem
617 1715 865 1752 monasterio
887 1715 1035 1763 segeni
1049 1714 1060 1732 ‘³
1076 1714 1199 1752 abbas
1220 1718 1259 1752 et
1275 1715 1490 1763 presbyter
1502 1714 1529 1734 ¹⁰

268 1780 454 1828 praefuit.
516 1780 638 1818 Unde
657 1780 765 1817 inter
784 1780 862 1817 alia
886 1780 1059 1817 uiuendi
1082 1781 1327 1817 documenta
1348 1780 1527 1817 saluber-

266 1845 420 1882 rimum
441 1845 711 1883 abstinentiae
731 1846 798 1883 uel
819 1845 1094 1883 continentiae
1115 1845 1269 1882 clericis
1289 1845 1526 1894 exemplum

266 1911 457 1959 reliquit;
505 1911 619 1948 cuius
657 1911 885 1949 doctrinam
923 1911 965 1948 id
1004 1911 1185 1948 maxime
1213 1911 1526 1949 commendabat

267 1977 470 2024 omnibus,
507 1977 614 2025 quod
653 1990 738 2014 non
775 1977 905 2023 aliter,
931 1990 1054 2025 quam
1088 1976 1253 2014 uiuebat
1292 1989 1386 2013 cum
1426 1976 1521 2025 suis,

267 2042 354 2091 ipse
391 2043 570 2080 docebat.
632 2043 702 2080 Nil
733 2043 844 2080 enim
879 2042 1002 2080 huius
1036 2042 1183 2079 mundi
1223 2054 1425 2090 quaerere,
1465 2042 1527 2079 nil

267 2121 401 2145 amare
422 2109 597 2146 curabat.
662 2109 828 2157 Cuncta,
855 2122 957 2157 quae
977 2108 1055 2146 sibi
1075 2121 1097 2145 a
1118 2106 1282 2157 regibus
1304 2108 1371 2145 uel
1393 2107 1527 2145 diuiti-

266 2173 343 2211 bus
372 2174 522 2211 saeculi
546 2174 815 2221 donabantur,
840 2187 936 2211 111οΧ
969 2173 1225 2222 pauperibus,
1250 2173 1321 2222 qui
1352 2186 1527 2211 occurre-

267 2241 367 2286 rent,
415 2252 581 2287 erogare
627 2239 839 2288 gaudebat.
901 2239 1137 2277 Discurrere
1183 2251 1256 2286 per
1297 2240 1442 2275 cuncta
1486 2240 1526 2276 et

267 2304 420 2342 urbana
440 2306 479 2342 et
499 2305 649 2342 rustica
668 2305 766 2352 loca,
791 2318 875 2342 non
899 2317 1100 2353 equorum
1124 2305 1254 2350 dorso,
1279 2304 1349 2341 sed
1372 2304 1523 2352 pedum

308 2413 318 2430 ¹
342 2414 436 2444 diem
453 2426 510 2445 om.
529 2415 574 2445 M.
801 2413 812 2430 ²
835 2415 1071 2454 reprobantur
1087 2414 1127 2444 N.
1283 2413 1294 2430 ³
1320 2423 1359 2443 ea
1376 2423 1464 2452 quae
1480 2413 1526 2444 M.

264 2465 275 2484 ¹
300 2469 334 2496 et
353 2491 360 2496 .
379 2490 386 2496 .
405 2491 411 2497 .
428 2468 635 2498 meruerunt
652 2478 709 2497 om.
727 2466 776 2498 Cl.
911 2467 922 2484 ⁵
945 2467 1142 2506 promisum
1159 2466 1204 2496 M.
1317 2464 1329 2481 ⁶
1352 2466 1525 2496 reuelauit

266 2518 314 2548 Οἱ.
330 2518 368 2547 B.
387 2518 440 2548 N2.
538 2518 549 2535 ⁷
572 2529 634 2559 pro
651 2519 692 2549 N.
781 2517 793 2535 Β
817 2519 923 2549 aidan
941 2519 979 2549 B.
998 2519 1038 2549 N.
1127 2518 1138 2535 ⁹
1162 2520 1259 2555 might
1274 2520 1304 2548 be
1320 2521 1392 2548 read
1410 2527 1522 2557 segem

267 2571 305 2600 in
323 2570 376 2609 M;
400 2580 524 2610 segene
541 2571 582 2603 N.
705 2570 730 2587 ¹⁰
753 2572 852 2611 preb-
869 2571 915 2602 Cl-

1555 1526 1733 1554 Character

1554 1565 1590 1593 of
1600 1566 1716 1593 Aidan.
