1803 2887
293 165 373 205 102
651 161 858 203 Historia
888 160 1194 203 Ecclesiastica
1400 168 1485 210 [Lm.
1503 172 1544 205 11.

293 277 404 315 Unde
420 276 615 323 praesenti
637 275 723 313 stilo
746 275 927 323 qloriosos
953 286 1023 313 uos
1051 274 1309 312 adhortandos
1334 286 1421 312 cum
1443 275 1548 313 omni

286 342 428 388 affectu
453 342 611 379 intimae
633 341 806 378 caritatis
829 341 1079 386 curauimus;
1108 340 1292 387 quatinus
1317 340 1548 378 abominatis

286 408 399 445 idolis
433 418 632 454 corumque
670 407 783 453 cultu,
825 407 1030 453 spretisque
1059 405 1252 452 fanorum
1276 405 1541 453 fatuitatibus,

287 475 322 510 ct
354 473 605 520 auquriorum
639 469 955 519 deceptabilibus1
990 471 1271 517 blandimentis,
1309 471 1472 508 credatis
1503 471 1547 508 in

286 539 416 576 Deum
433 538 590 575 Patrem
610 538 910 584 omnipotentem,
931 537 1082 584 eiusque
1101 536 1251 573 Filium
1265 536 1400 573 Iesum
1421 535 1547 574 Chris-

287 607 380 649 tum,
417 606 451 641 et
487 603 676 650 Spiritum
711 603 906 649 Sanctum,
949 605 994 639 ut
1034 602 1233 649 credentes,
1276 613 1301 638 a
1338 601 1547 639 diabolicae

287 669 524 716 captiuitatis
552 668 722 715 nectibus,
752 671 905 706 sanctae
936 670 971 705 et
1000 667 1232 704 indiuiduae
1259 666 1465 703 Trinitatis
1494 677 1547 703 co-

287 737 462 781 operante
494 735 678 781 potentia,
721 734 892 780 absoluti,
936 735 1111 770 aeternae
1147 732 1254 769 ‘alitae
1281 731 1441 778 possitis
1471 743 1548 770 esse

278 800 498 846 participes.

343 865 497 913 Quanta
538 868 666 902 autem
703 863 950 902 reatitudinis
987 864 1098 910 culpa
1135 865 1338 900 teneantur
1379 862 1548 900 obstricti

287 930 337 977 lii,
371 931 438 978 qui
470 931 741 968 idolatriarum
765 929 1134 976 perniciosissimam
1161 928 1466 975 superstitionem
1494 940 1547 966 co-

287 996 403 1034 lentes
441 997 730 1043 amplectuntur,
775 1007 913 1042 eorum,
957 1006 1049 1042 quos
1090 995 1226 1041 colunt,
1271 994 1436 1041 eoeempla
1463 1006 1548 1041 per-

288 1062 446 1099 ditionis
474 1062 703 1106 insinuant;
738 1061 840 1098 unde
874 1060 918 1097 de
945 1061 998 1097 eis
1014 1071 1087 1107 per
1105 1059 1353 1107 psalmistam
1380 1060 1547 1097 dicitur:

292 1126 454 1165 ‘Omnes
491 1127 548 1163 dii
583 1127 756 1174 qentium
794 1126 1005 1172 daemonia,
1041 1126 1234 1162 Dominus
1263 1127 1392 1162 autem
1428 1126 1548 1163 caelos

280 1192 406 1239 fecit.'
462 1192 519 1229 Et
558 1193 724 1229 iterum:
777 1191 938 1229 ‘Oculos
974 1191 1122 1238 liabent,
1167 1193 1203 1228 et
1241 1203 1320 1228 non
1356 1189 1543 1237 uident²;

289 1270 401 1296 aures
433 1258 581 1304 liabent,
620 1260 655 1294 et
686 1268 764 1294 non
803 1256 997 1294 audiunt³
1016 1270 1028 1302 ;
1058 1268 1171 1294 nares
1207 1257 1361 1303 liabent,
1396 1259 1431 1294 et
1467 1269 1547 1294 non

289 1324 500 1361 odorabunt
517 1337 529 1369 ,·
578 1334 718 1360 manus
760 1323 910 1369 liabent,
960 1325 995 1360 et
1036 1334 1114 1360 non
1145 1323 1390 1370 palpabunt‚·
1429 1323 1547 1369 pedes

290 1390 439 1436 liabent,
474 1392 508 1426 et
536 1400 614 1426 non
643 1389 921 1434 ambulabunt‚·
951 1389 1094 1425 similes
1121 1400 1204 1436 erqo
1229 1388 1448 1435 efficiuntur
1471 1388 1542 1435 liis,

289 1456 355 1502 qui-
384 1467 487 1502 spem
513 1466 605 1492 suae
635 1454 888 1501 confidentiae
907 1456 1059 1501 ponunt
1087 1455 1130 1491 in
1163 1455 1216 1491 cis
1230 1453 1268 1488 4?
1327 1452 1548 1501 Quomod0⁵

290 1522 391 1558 enim
422 1520 587 1557 iuuandi
616 1520 815 1567 quemlibet
834 1522 1000 1566 possunt
1027 1520 1163 1557 babere
1191 1520 1374 1557 uirtutem
1402 1520 1453 1566 lii,
1483 1520 1551 1567 qui

289 1598 332 1624 exc
361 1586 597 1633 corruptibili
621 1586 783 1622 materia
810 1585 1034 1632 inferiorum
1061 1586 1176 1622 etiam
1198 1585 1549 1632 subpositorumque

288 1652 358 1689 tibi
396 1652 574 1689 manibus
607 1653 907 1696 construuntur;
956 1651 1093 1698 quibus
1129 1651 1303 1688 uidelicet
1341 1651 1550 1698 artificium

287 1717 502 1754 humanum
549 1717 844 1756 adcommodans
890 1718 943 1754 cis
989 1717 1248 1753 inanimatam
1293 1716 1549 1753 membrorum

288 1783 583 1820 similitudinem
615 1783 808 1820 contulisti
821 1795 834 1828 ;
874 1782 948 1829 qui,
986 1782 1065 1819 nisi
1098 1794 1122 1819 a
1155 1784 1189 1819 te
1226 1781 1344 1819 moti6
1374 1782 1540 1829 fuerint,

289 1849 485 1886 ambulare
512 1859 589 1885 non
612 1850 804 1895 poterunt,
837 1848 903 1885 sed
931 1850 1128 1894 tamquam
1160 1848 1259 1895 lapis
1290 1848 1335 1885 in
1366 1859 1443 1885 uno
1471 1848 1548 1884 loco

278 1915 417 1961 posita,
443 1915 500 1951 ita
520 1914 725 1951 constructi
743 1914 912 1960 nihilque
935 1913 1212 1960 intelleqentiae
1234 1913 1420 1960 habentes,
1446 1913 1546 1960 ipsa-
1571 1900 1574 1901 ⁷

286 1991 356 2025 quc
390 1979 682 2016 insensibilitate
719 1979 855 2023 obruti,
896 1979 1045 2016 nullam
1081 1990 1203 2025 neque
1241 1979 1392 2016 ledendi
1427 1990 1547 2025 neque

286 2045 453 2081 iuuandi
474 2044 704 2092 facultatem
733 2045 861 2091 adepti
888 2044 1010 2081 sunt?
1068 2043 1176 2092 Qua⁷
1204 2055 1289 2092 erqo
1318 2045 1458 2082 mentis
1488 2045 1547 2082 de-

288 2111 452 2156 ceptione
490 2122 549 2147 eos
591 2110 687 2157 deos,
730 2111 867 2157 quibus
906 2121 976 2147 uos
1016 2110 1090 2156 ipsi
1133 2110 1340 2157 imaqinem
1382 2111 1547 2157 corporis

330 2264 341 2281 1
355 2264 534 2295 scibilibus
552 2263 604 2296 ΒΞ.
643 2263 655 2280 ²
671 2264 847 2295 uidebunt
865 2265 902 2296 C.
945 2264 956 2282 ³
973 2263 1120 2295 audient
1139 2265 1174 2295 C.
1192 2265 1233 2295 D.
1247 2264 1302 2296 W.
1337 2263 1349 2281 4
1367 2275 1468 2296 aures
1486 2290 1493 2296 .
1511 2290 1518 2297 .
1538 2290 1545 2297 .

287 2317 327 2347 in
343 2317 394 2346 eis
410 2319 495 2353 from
509 2317 550 2347 Β.
593 2317 628 2347 M
645 2320 703 2347 has
718 2327 791 2346 non
808 2317 935 2347 uident
958 2318 993 2347 et
1010 2318 1133 2355 cetera,
1153 2327 1273 2357 usque,
1292 2327 1365 2348 non
1389 2317 1546 2348 ambula-

286 2369 387 2407 bunt⁷
409 2372 453 2398 the
470 2371 530 2399 last
545 2372 598 2399 two
616 2372 714 2399 words
733 2371 818 2407 beinq
833 2379 872 2399 on
888 2379 930 2398 an
950 2378 1069 2399 erasure
1081 2381 1092 2406 ;
1117 2371 1195 2406 then,
1212 2370 1347 2400 similes
1363 2393 1371 2400 .
1390 2394 1397 2401 .
1415 2393 1423 2400 .
1440 2370 1479 2400 in
1496 2370 1546 2400 eis

288 2423 316 2451 is
331 2424 430 2451 added
446 2431 484 2451 on
500 2424 586 2451 lou-er
606 2424 740 2458 marqin,
763 2423 815 2451 but
829 2423 870 2450 all
886 2423 922 2458 by
938 2420 996 2450 ΜΚ
1040 2423 1174 2458 Perhaps
1197 2424 1242 2451 the
1265 2424 1397 2459 om'yinal
1417 2424 1547 2459 reading]

288 2484 352 2503 icas
368 2483 478 2511 usque
499 2475 640 2512 ponunt
663 2473 703 2503 in
719 2474 778 2504 eis.
827 2473 876 2511 H1
889 2475 1007 2510 follows
1033 2475 1079 2503 the
1096 2476 1216 2510 present
1236 2476 1294 2503 text
1314 2476 1351 2512 of
1366 2473 1401 2504 M
1419 2475 1542 2513 exactly,

289 2525 424 2555 similes
441 2550 447 2556 .
466 2549 473 2555 .
492 2549 499 2556 .
517 2526 568 2555 eis
593 2528 678 2562 beinq
694 2528 729 2555 in
745 2528 790 2555 the
807 2528 871 2556 text.
1015 2524 1027 2542 ⁵
1050 2525 1108 2555 -do
1125 2535 1183 2556 om.
1205 2525 1264 2556 Ml.
1396 2526 1408 2544 ⁶
1430 2527 1546 2556 motae

289 2577 334 2609 M.
354 2577 378 2608 C
396 2588 403 2615 ;
426 2577 515 2607 moti
533 2577 572 2608 B.
590 2588 628 2608 on
644 2587 777 2609 erasure.
866 2575 878 2592 ⁷
900 2578 983 2616 quia
995 2576 1040 2608 M.
