1803 2887
99 622 249 650 Elec-tion
261 620 296 648 of

97 662 284 695 Hwaetbert,

98 702 186 729 June
203 710 225 735 7,
243 702 300 735 716.

321 151 407 191 398
715 148 766 189 H
769 149 782 190 ι’
785 147 925 190 storia
955 146 1181 190 Abbatwm

321 264 469 299 Christe
488 264 586 299 Deus
604 263 763 298 defende
782 262 867 298 illos
884 263 904 298 1'
964 262 1024 298 Sic
1042 274 1210 308 egressus
1228 273 1364 297 nauem
1382 261 1513 296 adorat
1530 260 1577 295 ad

322 334 481 363 crucem,
506 321 749 365 ascenditque
777 333 924 366 equum,
949 323 988 356 et
1013 321 1120 362 abiit,
1144 319 1303 356 abiectis
1329 318 1577 355 saecularium

322 392 445 416 rerum
463 381 572 423 curis,
594 381 777 417 festinans
797 382 843 416 ab
865 381 946 426 ipsa
969 392 1116 425 quoque
1138 381 1299 425 cognata
1320 378 1324 423 1
1347 377 1418 412 sibi
1435 377 1577 422 Anglo-
1597 381 1620 410 f.
1638 391 1672 418 29
1686 382 1714 410 b.

323 452 403 474 rum
437 442 551 485 gente
584 439 819 485 peregrinari
845 438 885 473 in
918 438 1026 474 terris
1060 449 1133 482 quo
1167 435 1322 471 liberior
1351 434 1579 480 puriorquel

322 498 450 533 animo
469 499 516 532 ad
535 497 828 542 contemplanda
847 497 1066 543 angelorum
1088 494 1276 531 consortia
1295 494 1514 529 redderetur
1538 493 1578 528 in

323 556 413 591 celis
428 555 451 590 2.

373 617 428 650 28.
455 613 607 650 Reuersi
629 614 676 648 ad
700 614 922 650 aecclesiam
945 616 1077 650 fratres
1101 612 1290 657 completa
1307 611 1477 648 oratione
1495 622 1579 646 con·
1602 618 1699 646 Baeti.

325 673 453 708 silium
478 673 613 708 ineunt
640 672 729 716 quid
762 673 915 714 faciant,
946 674 1162 718 placuitque
1188 675 1231 708 ut
1258 672 1358 708 inter
1381 683 1509 717 preces
1543 673 1582 708 et
1602 658 1677 695 518.

326 731 468 767 ieiunia
510 734 710 775 quererent
746 745 768 768 a
801 733 975 776 Domino,
1005 746 1117 779 quein
1156 732 1227 769 sibi
1266 733 1442 768 abbatem
1480 741 1585 776 prae-

326 793 524 836 ponerent.
575 790 646 826 Sed
674 791 762 836 quia
789 796 1030 839 praeceperat
1056 794 1185 830 abiens
1210 795 1319 838 pater
1344 789 1584 832 uenerabilis,

326 862 372 885 ne
400 848 488 893 qui3
511 850 556 885 de
583 849 661 885 illis
687 850 769 896 ipsa
795 864 881 887 suae
911 851 1160 898 aegressionis
1185 851 1246 887 die
1274 850 1468 891 ieiunaret‚
1492 848 1584 894 quin

326 909 452 953 potius
482 921 610 945 omnes
640 911 760 946 maius
789 912 1005 947 conuiuium
1035 912 1230 952 haberent,
1258 912 1295 945 et
1324 910 1370 945 ob
1401 909 1440 943 id
1468 907 1585 944 etiam

326 971 506 1013 quosdam
525 971 570 1006 de
589 971 663 1006 suis
682 972 879 1007 comitibus
897 972 995 1016 apud
1014 983 1076 1006 eos
1094 981 1208 1015 usque
1227 970 1274 1004 ad
1288 970 1585 1004 consummatum

327 1029 527 1073 prandium
547 1033 745 1075 expectare
765 1032 1014 1076 praeceperat
1025 1030 1048 1071 ⁴,
1068 1032 1149 1065 erat
1167 1031 1294 1064 autem
1307 1026 1320 1045 ⁵
1336 1026 1470 1071 quinta
1488 1025 1586 1061 feria

328 1090 418 1123 ante
449 1088 681 1123 dominicam
708 1090 956 1125 Pentecosten
969 1089 991 1131 ⁶,
1018 1089 1139 1124 uisum
1169 1091 1226 1124 est
1254 1086 1428 1132 sequenti
1454 1086 1515 1122 die
1543 1097 1586 1121 ac

326 1149 439 1181 nocte
474 1147 730 1187 ieiunandum,
763 1150 801 1183 et
833 1148 988 1182 sabbato
1022 1149 1171 1182 tantum
1206 1147 1252 1182 ad
1282 1158 1421 1182 nonam
1454 1145 1586 1180 horam

327 1205 583 1246 reficiendum,
604 1205 692 1250 quia
710 1208 862 1251 propter
881 1205 1034 1251 uigilias
1054 1205 1273 1241 Dominicae
1293 1203 1588 1249 sollempnitatis

327 1264 536 1307 nequibant
568 1264 668 1299 ultra
701 1265 889 1309 protelare
916 1264 1123 1305 ieiunium;
1159 1265 1222 1300 sed
1258 1267 1296 1299 et
1325 1263 1488 1309 psalmos
1513 1274 1589 1297 non

329 1335 466 1368 paucos
492 1335 560 1368 per
585 1335 768 1369 congruas
800 1323 1002 1359 canonicae
1037 1323 1218 1359 orationis
1242 1323 1352 1357 horas
1386 1322 1588 1367 augendos

328 1381 668 1425 obsecrandamque
691 1382 737 1416 ab
757 1381 928 1417 omnibus
950 1394 1150 1427 supernam
1174 1381 1359 1426 pietatem
1369 1379 1393 1421 ⁷,
1414 1378 1589 1424 quatinus

331 1451 375 1475 eo
402 1439 463 1474 die
491 1452 562 1484 quo
591 1452 659 1485 per
692 1440 820 1475 Sancti
846 1440 1007 1485 Spiritus
1031 1441 1236 1475 aduentum
1264 1438 1466 1475 aecclesiae
1500 1448 1587 1472 suae

330 1498 538 1543 primordia
567 1510 784 1533 consecrare
825 1498 982 1544 dignata
1022 1500 1088 1539 est,
1123 1498 1239 1533 etiam
1277 1497 1377 1542 ipsis.
1421 1495 1587 1542 portioni

331 1556 511 1591 uidelicet
530 1555 749 1597 aecclesiae,
772 1568 840 1602 per
866 1556 1033 1592 eiusdem
1058 1556 1219 1601 Spiritus
1243 1555 1405 1601 gratiam
1429 1554 1587 1600 dignum

331 1615 547 1650 ostenderet
566 1617 751 1650 rectorem
764 1614 786 1650 ⁸.

381 1683 435 1716 29.
462 1672 530 1707 His
550 1673 605 1708 ita
631 1673 825 1718 conpletis.
852 1675 1040 1709 uenerunt
1066 1672 1132 1708 illo
1156 1673 1201 1708 de
1220 1671 1447 1707 monasterio
1466 1670 1587 1706 sancti
1610 1670 1653 1699 ib.

332 1731 439 1766 Pauli
465 1732 659 1777 perplures
684 1744 703 1767 e
725 1731 905 1767 fratribus
920 1732 933 1751 ⁹
953 1731 1012 1767 die
1038 1731 1224 1766 dominico
1241 1731 1499 1770 Pentecosten,
1523 1728 1526 1773 Ι
1549 1730 1589 1764 et
1612 1727 1634 1755 f.
1651 1736 1688 1762 30
1700 1735 1729 1754 ³«-
1768 1726 1769 1735 ¹

333 1789 512 1825 unanimo
540 1789 697 1825 consilio
727 1790 922 1835 elegerunt
940 1790 1256 1825 Hwaetberchtuin
1275 1789 1315 1823 in
1338 1789 1420 1824 loco
1440 1787 1591 1824 abbatis

333 1847 592 1885 ordinandum,
613 1848 678 1892 qui
702 1848 741 1882 in
763 1848 989 1884 monasterio
1015 1849 1146 1883 eodem
1169 1860 1191 1882 a
1211 1847 1334 1893 prima
1359 1849 1486 1882 aetate
1506 1858 1590 1882 con-

334 1909 512 1948 uersatus‚
547 1908 584 1941 et
617 1906 898 1942 aecclesiastica
930 1906 1042 1941 simul
1068 1918 1111 1941 ac
1143 1905 1401 1941 monasteriali
1434 1904 1594 1940 scientia

335 1964 500 2003 inbutus,
535 1964 612 1999 iam
637 1967 729 2000 tunc
763 1964 987 2010 presbyterii
1012 1965 1132 2011 gradu
1156 1964 1338 2010 pollebat.
1404 1963 1477 1999 Hic
1503 1972 1592 2009 ergo

377 2101 386 2118 ¹
412 2101 665 2141 puriorumque
682 2102 726 2133 H.
830 2101 842 2119 ²
863 2105 942 2133 Here
958 2103 974 2132 δ
990 2103 1272 2139 inlevpolatesfrom
1295 2104 1373 2132 Bede
1396 2111 1429 2132 u.
1446 2111 1471 2133 s.
1488 2111 1511 2131 c.
1531 2110 1568 2139 17
1586 2112 1594 2132 ε

339 2157 470 2187 ‘Tanta
492 2159 576 2187 enim
599 2159 674 2188 erat
700 2157 945 2196 proficiscendi
972 2181 980 2188 .
1008 2181 1016 2189 .
1047 2182 1054 2189 .
1084 2181 1091 2188 .
1118 2157 1306 2196 nequiret;
1340 2157 1433 2187 hanc
1457 2156 1594 2187 habens

336 2221 484 2251 semper,
507 2215 541 2241 ut
566 2222 661 2249 supra
681 2215 748 2242 ‘iam
771 2214 923 2252 elisimus,
947 2212 1251 2251 consuetudinem,
1272 2236 1279 2243 .
1306 2236 1312 2241 .
1337 2235 1345 2242 .
1373 2211 1594 2251 rependeret.

336 2265 504 2303 Reuersi‚’
524 2265 581 2297 &c.
716 2265 727 2282 ³
751 2266 831 2305 quis
850 2267 877 2297 δ.
991 2266 1002 2283 ⁴
1026 2266 1134 2306 -cepit
1151 2267 1177 2296 δ.
1290 2264 1301 2282 ⁵
1322 2267 1358 2296 et
1374 2266 1458 2304 quia
1473 2266 1549 2296 erat
1566 2265 1594 2295 δ.

336 2318 348 2336 ⁶
370 2322 438 2349 -tes
455 2320 482 2350 δ.
562 2317 573 2334 ⁷
598 2322 813 2350 consuerunt
828 2323 892 2351 add
907 2321 933 2351 δ.
1015 2319 1026 2336 ⁸
1049 2323 1126 2351 Here
1144 2321 1168 2357 δ,
1188 2323 1327 2358 omitting
1350 2321 1358 2336 ‘
1371 2320 1440 2350 His
1457 2320 1506 2350 ita
1521 2344 1529 2350 .
1544 2343 1552 2350 .
1565 2343 1572 2350 .
1586 2343 1594 2350 .

337 2371 602 2409 ordinandum,’
628 2375 736 2402 inserts
750 2373 836 2409 from
860 2375 939 2402 Becle
963 2382 994 2402 u.
1018 2382 1043 2403 s.
1070 2383 1092 2403 c.
1124 2373 1184 2402 18:
1211 2372 1293 2402 ‘Hoc
1318 2374 1422 2408 ipsum
1445 2375 1548 2402 autem
1571 2374 1599 2402 et

338 2423 523 2453 monachis
544 2425 659 2453 cenobii
680 2423 777 2453 beati
797 2423 901 2453 Pauli
918 2447 926 2454 .
942 2447 950 2454 .
970 2447 978 2454 .
999 2447 1007 2454 .
1024 2424 1244 2454 conueniunt
1261 2426 1374 2453 iterum
1395 2432 1518 2454 omnes
1534 2447 1541 2454 .
1561 2447 1568 2454 .
1587 2446 1595 2454 .

338 2475 540 2511 sententia;
577 2474 736 2514 [eligitur
760 2475 880 2513 itaque
912 2477 1096 2505 uenerabilis
1121 2477 1308 2505 Withmerus
1328 2477 1364 2504 in
1386 2476 1521 2511 officium
1543 2477 1598 2504 ab·

340 2524 432 2565 batis]
459 2526 520 2564 qui
538 2526 577 2555 in
594 2526 832 2562 monasteriQ’
847 2526 904 2557 διο.
953 2529 1011 2557 The
1033 2529 1131 2556 words
1154 2527 1188 2555 in
1212 2528 1343 2556 brackets
1367 2536 1418 2557 are
1442 2528 1541 2557 added
1559 2536 1598 2556 on

340 2580 386 2608 the
402 2579 525 2615 marein
542 2579 576 2607 in
592 2587 611 2607 α
627 2579 730 2608 rather
745 2579 818 2607 later
833 2580 928 2609 hand.
1027 2577 1039 2596 ⁹
1062 2577 1263 2608 effratribus
1278 2576 1324 2608 H.

1768 1890 1769 1948 l
